Date,Operating_Income,Expenses,Assets,Liabilities,Equity,Revenue,Cash_Flow,Net_Income,Debt_to_Equity,ROA,Profit_Margin,Interest_Expense,Tax_Expense,Dividend_Payout
1/1/2015,4370861.07,3682573.85,136340296.1,149429583.3,59803407.08,9435946.42,1428845.2,688287.22,2.5,0.01,0.07,609472.14,1042103.16,1170151.42
1/2/2015,9556428.76,1186425.69,195517203,47250517.76,55281922.53,12470620.28,1029017.28,8370003.06,0.85,0.04,0.67,699770.11,1329539.73,492998.93
1/3/2015,7587945.48,3093297.62,151995381,175658980.1,27447676.11,11882092.09,7320721.28,4494647.86,6.4,0.03,0.38,337977.34,345091.11,1603358.92
1/4/2015,6387926.36,3230217.71,209748337.6,138262648.1,87293509.41,4000698.76,1925965.75,3157708.65,1.58,0.02,0.79,1345468.95,1316373.62,426566.77
1/5/2015,2404167.76,2408588.02,81240729.24,277305843.1,70924670.47,3940243.11,6659376.16,-4420.26,3.91,0,0,175614.54,136655.3,2808563.51
1/6/2015,2403950.68,3813999.06,283576905.9,250196114.8,85411753.74,5486266.78,4584731.53,-1410048.38,2.93,0,-0.26,1235596.44,1338468.96,632380.92
1/7/2015,1522752.51,4704651.57,80425653.62,158545616.7,87288785.14,6693971.44,1083923.9,-3181899.06,1.82,-0.04,-0.48,1752422.18,527156.98,833020.99
1/8/2015,8795585.31,4665058.31,410160428.5,102799170.6,77352026.83,7309922.56,7665861.44,4130527,1.33,0.01,0.57,1792581.08,506152.07,1279245.93
1/9/2015,6410035.11,2528777.17,155170436.9,395453667.1,49528954.11,10836063.82,2352208.75,3881257.93,7.98,0.03,0.36,953171.74,792528.44,1211176.96
1/10/2015,7372653.2,1009571.21,293005361.6,192520616.1,64949207.95,2736845.62,6947340.09,6363081.99,2.96,0.02,2.32,972677.01,1414000.77,2404522.39
1/11/2015,1185260.45,4931785.4,446035589.4,281544209.6,24432886.55,2450745.15,1766075.04,-3746524.95,11.52,-0.01,-1.53,246241.45,119282.98,1423318.78
1/12/2015,9729188.67,4275041.39,342894816.1,73410127.68,70628087.57,7094837.32,6904571.62,5454147.28,1.04,0.02,0.77,1374453.55,560734.91,595227.95
1/13/2015,8491983.77,1060982.07,289831004,204524085.9,26132793.02,11063128,599216.1,7431001.7,7.83,0.03,0.67,1660392.9,1292029.38,874908.7
1/14/2015,2911052,4643788.47,195950188.9,30463953.55,72455463.15,4514659.46,4338353.42,-1732736.48,0.42,-0.01,-0.38,564844.6,624278.99,1576428.82
1/15/2015,2636424.7,4414533.63,199850860.9,212072944.8,30663834.47,10339558.26,6270819.35,-1778108.92,6.92,-0.01,-0.17,900471.68,338777.5,527616.36
1/16/2015,2650640.59,2834771.26,351269129.8,386326614.7,20579617.01,5377765.79,7510966.38,-184130.67,18.77,0,-0.03,1693794.74,665951.56,1873801.46
1/17/2015,3738180.19,3160739.46,497362712.6,165998550.9,24875604.11,13519119.41,7319016.02,577440.73,6.67,0,0.04,1766528.89,609051.13,1740667.19
1/18/2015,5722807.88,2295512.17,347827635.4,34818484.78,10179292.17,13643969.28,6647186.52,3427295.72,3.42,0.01,0.25,562041.96,1377353.49,2172636.72
1/19/2015,4887505.17,746427.37,301002537.8,31763200.55,74686565.61,5864733.66,7161435.12,4141077.79,0.43,0.01,0.71,1146084.21,1154804.84,2819343.38
1/20/2015,3621062.26,2008387.59,378792729.6,167434968.8,75916094.42,4989918.8,1994147.64,1612674.67,2.21,0,0.32,465736.99,782417.56,2745538.23
1/21/2015,6506676.05,4112840.52,259342525.5,80809475.86,56344001.49,7346951.64,2631382.22,2393835.53,1.43,0.01,0.33,293569.65,1483137.32,2843619.29
1/22/2015,2255444.75,520844.1,77064054.17,28873796.6,24522652.09,5126910.61,2667263.94,1734600.64,1.18,0.02,0.34,1831128.95,724652.42,809675.23
1/23/2015,3629301.84,2000746.27,303033567.2,307361173.3,17519890.38,10740989.96,3327904.48,1628555.56,17.54,0.01,0.15,1658964.26,134444.85,481539.39
1/24/2015,4297256.59,2291759.12,480931378,194238743.4,11721606.98,12738840.9,3449905.03,2005497.47,16.57,0,0.16,1544066.31,430297.77,976602.43
1/25/2015,5104629.86,2918280.21,128886324.1,129913013.4,24917335.93,10750197.7,4584164.93,2186349.64,5.21,0.02,0.2,192656.01,682302.2,2695747
1/26/2015,8066583.65,4639350.27,360502200.9,362031609.6,90176998.15,12716555.81,1699098.23,3427233.38,4.01,0.01,0.27,1703084.71,277508.81,2918955.08
1/27/2015,2797064.04,2058556.97,140420159.9,64132804.88,31738315.75,7160898.11,5684349.98,738507.06,2.02,0.01,0.1,932283.74,1423969.43,2592042.36
1/28/2015,5628109.95,2061289.41,291122458,383249155,41884419.45,4032120.62,1756749.04,3566820.54,9.15,0.01,0.88,750550.73,1161930.9,419051.39
1/29/2015,6331731.12,3818755.62,93504402.34,139307352.6,19481093.6,11593362.32,2827313.62,2512975.5,7.15,0.03,0.22,1138305.09,439016.44,2847541.19
1/30/2015,1418053.71,2534980.73,252666921.3,357593395.5,30012517.43,6686168.57,4275088.48,-1116927.02,11.91,0,-0.17,273571.16,906666.57,1327738.28
1/31/2015,6467903.67,1510721.7,390273498,249118293.1,56730211.37,10726520.73,6473304.21,4957181.96,4.39,0.01,0.46,1537628.44,1096101.28,126999.84
2/1/2015,2534717.11,2535977.82,206407185.9,334148796.7,64697741.48,5518371.25,6046019.25,-1260.71,5.16,0,0,1206626.65,1414854.45,1382941.85
2/2/2015,1585464.34,1133856.59,349210276,393925002,32081708.27,3055985.25,5341507.67,451607.75,12.28,0,0.15,454521.18,1328371.26,233600.59
2/3/2015,9539969.84,1293741.44,407952482.4,129594066.4,15195894.33,14903563.34,1668299.45,8246228.4,8.53,0.02,0.55,457641.18,797028.73,1677245.97
2/4/2015,9690688.3,2742654.98,467230018.8,385231484.5,45192958.22,4030619.6,4602840.09,6948033.32,8.52,0.01,1.72,450072.44,1173246.3,1081806.68
2/5/2015,8275576.13,2385164.52,155588936.8,168003120.1,31078303.38,14849472.92,1155848.76,5890411.61,5.41,0.04,0.4,208304.54,865109.89,1472961.31
2/6/2015,3741523.92,4616806.55,229692162.1,166494523.8,29759853.09,14704639.12,3330223.83,-875282.63,5.59,0,-0.06,1216817.05,851420.64,1878194.05
2/7/2015,1879049.03,2130772.55,118587206,149347099.6,96387652.24,12319635.35,3601373.98,-251723.52,1.55,0,-0.02,1696661.54,216375.84,2619523.18
2/8/2015,7158097.24,3112647.58,496617576,225734890.8,65467043.73,10572498.51,798585.8,4045449.66,3.45,0.01,0.38,133246.61,232899.6,2019514.57
2/9/2015,4961372.44,3345189.3,467150435.6,78575116.41,60119059.89,9511491.65,2554910.75,1616183.15,1.31,0,0.17,193108.83,817823.74,1358741.72
2/10/2015,2098344.11,558925.05,292980708.6,230410364.4,47419759.32,13259320.09,7667371,1539419.06,4.86,0.01,0.12,1188263.53,439849.24,2476340.78
2/11/2015,5456592.19,3485918.17,428914982.5,225847828.7,48604990.01,5762713.78,7652244.56,1970674.02,4.65,0,0.34,1657041.8,80503.51,2726188.2
2/12/2015,1309496.69,1301161.85,284431089.8,309522688.8,58681450.35,8079855.76,3142452.91,8334.84,5.27,0,0,720803.89,1098116.85,447303.9
2/13/2015,9183883.62,4824816.43,330613559.6,336786985.5,72678682.63,10052069.6,823250.82,4359067.19,4.63,0.01,0.43,764267.36,97105.57,1642605.63
2/14/2015,3329019.83,1168982.27,90105994.45,187367713.1,73193148.66,7345476.19,1843212.04,2160037.56,2.56,0.02,0.29,1233058.35,913151.42,925084.68
2/15/2015,6962700.56,2365808.56,389871689.2,134886634.8,25452451.69,7557323.9,3441633.45,4596892,5.3,0.01,0.61,621004.49,831831,236477.47
2/16/2015,3805399.68,884073.51,107471067.6,118547261,55010147.69,6293700.68,7608347.73,2921326.18,2.16,0.03,0.46,150555.9,1454781.3,2038785.42
2/17/2015,5680612.19,4985934.13,421730433.6,93957057.95,47076228.55,9335013.62,1558992.98,694678.06,2,0,0.07,1496934.18,752109.05,2602035.25
2/18/2015,5920392.51,2759877.55,401912639.5,41906081.24,88347426.96,13057468.86,6226368.83,3160514.97,0.47,0.01,0.24,1288734.83,142222.08,572417.7
2/19/2015,2663690.1,3179232.58,368935114,150130232,66827702.91,4619868.91,1315119.05,-515542.48,2.25,0,-0.11,1203436.4,849947.55,2455999.61
2/20/2015,9726261.65,801844.15,66272171.24,122694123,57925365.98,14147629.5,7859431.83,8924417.5,2.12,0.13,0.63,1509199.85,1269589.45,2574847.63
2/21/2015,7976195.41,3874822.12,186407760.2,387238606.6,20385517.8,10958139.5,3362123.74,4101373.29,19,0.02,0.37,1382938.59,1495431.46,2751587.28
2/22/2015,9455490.47,1444575.17,168400656.5,231929354,64507410.04,12702551.76,6314259.04,8010915.31,3.6,0.05,0.63,491175.78,673997.6,869326.76
2/23/2015,9053446.15,4541244.3,212061383.4,151965274.8,20548351.51,9230479,3069433.12,4512201.85,7.4,0.02,0.49,769713.99,514433.18,2721463.89
2/24/2015,6381099.81,1423128.38,89439236.04,240577688.4,40348591.8,12133717.12,5207516.58,4957971.43,5.96,0.06,0.41,339609.27,1364647.28,1029921.99
2/25/2015,9296868.12,1358094.74,471631020.4,72894746.51,22855776.83,2210605.17,1940120.64,7938773.37,3.19,0.02,3.59,346728.33,327301.09,1701780.24
2/26/2015,1796432.52,664473.51,299211008.3,188736624.7,72286628.23,12638945.52,1595157.64,1131959.01,2.61,0,0.09,1384771.92,942371.93,246471.67
2/27/2015,2763845.76,2624301.25,187485939.8,257969042.1,28562690.25,2521805.17,7535481.05,139544.51,9.03,0,0.06,1731340.2,638285.92,227255.16
2/28/2015,1407045.6,3041785.1,228641682.7,205781176.1,45267343.59,13568873.89,7382354.58,-1634739.5,4.55,-0.01,-0.12,1929191.91,109569.43,2189082.32
3/1/2015,3927972.98,795688.88,251241143.2,172675944.3,90610729.99,14895515.71,7156017.05,3132284.1,1.91,0.01,0.21,1293859.52,553568.29,1388991.94
3/2/2015,4498095.61,3989874.28,320267450,397662387.8,28388474.51,5822877.01,5190750.88,508221.33,14.01,0,0.09,449792.51,434581.36,843247.89
3/3/2015,3442141.29,2539799.76,282055742.5,354519609.6,55702455.76,4734141.23,6562011.58,902341.53,6.36,0,0.19,300735.66,1044832.17,652199.14
3/4/2015,8458637.58,2859756.21,463726388,256894264.1,47734449.5,11949723.73,1017777.03,5598881.37,5.38,0.01,0.47,1644416.85,1425746.22,2042865.12
3/5/2015,4210779.94,2483432.36,273633567.3,236363397.3,11631163.69,5289342.43,3010917.81,1727347.58,20.32,0.01,0.33,1199637.31,438668.42,101164.48
3/6/2015,3528410.59,2303433.77,496471106.7,255850982.3,81348230.22,13252310.98,2852773.44,1224976.81,3.15,0,0.09,1274741.54,1226625.61,2437084.39
3/7/2015,5884264.75,3018381.49,433141231,96498600.97,16214131.57,3336953.7,5267339.91,2865883.26,5.95,0.01,0.86,1584777.97,130271.73,329823.86
3/8/2015,2268318.02,1198581.11,143829731.5,170152342.4,52682951.89,3637417.55,3169683.3,1069736.92,3.23,0.01,0.29,1436226.73,830275.46,655319.88
3/9/2015,8219772.83,1318676.59,468767846.6,34994622.5,60461046.54,14728970.22,1613800.86,6901096.24,0.58,0.01,0.47,1685470.68,152297.59,1220085.55
3/10/2015,1670955.79,4378035.29,102364879.1,200707494.2,66558381.1,10759905.68,4973503.07,-2707079.5,3.02,-0.03,-0.25,206806.42,1404347.84,1506090.35
3/11/2015,9881982.43,4757519.58,417852368.8,226349341.9,71976846.64,13009533.92,6607879.41,5124462.85,3.14,0.01,0.39,1520289.21,1161209.36,1129485.84
3/12/2015,7950202.92,2179891.92,221280482.1,106544899.7,32794514.52,6216281.91,3365926.21,5770311,3.25,0.03,0.93,1716620.24,1004027.37,1030065.28
3/13/2015,2788441.13,1718351.03,445088444.2,386330961.9,10898089.9,10794288.74,1492015.36,1070090.1,35.45,0,0.1,643656.58,1244649.75,2895356.44
3/14/2015,1049699.05,3397997.94,440625510.6,365592752.2,75109929.61,9725143.76,1975161.48,-2348298.89,4.87,-0.01,-0.24,1316849.82,988903.7,1960581.08
3/15/2015,8339152.86,2339303.77,412666430.1,294414429.5,58209093.94,9840951.56,2281124.79,5999849.09,5.06,0.01,0.61,696907.92,1454969.38,167955.57
3/16/2015,7361716.09,614238.6,405513696.3,222686918.9,85250593.29,10872921.97,2749231.95,6747477.49,2.61,0.02,0.62,1920145.03,1085239.02,1347510.13
3/17/2015,7561064.51,1202686.69,187105612.6,350588280.7,83924952.66,9479669.25,5320963.03,6358377.82,4.18,0.03,0.67,163504.79,1390754.98,2637525.23
3/18/2015,7941433.12,3721875.03,86413677.37,69647890.65,85899355.1,7577810.8,5007091.13,4219558.09,0.81,0.05,0.56,1201606.4,799841.24,974222.94
3/19/2015,1666401.87,3465157.74,231341080.4,320393721.8,53658519.4,5586995.03,5720598.96,-1798755.87,5.97,-0.01,-0.32,416356.74,219743.4,374213.4
3/20/2015,4226191.56,621931.97,128086031.7,67431909.31,40026555.63,11991557.3,3218764.88,3604259.59,1.68,0.03,0.3,1453218.39,815857.7,2299315.84
3/21/2015,2042821.54,1498874.73,362727990,321800051.8,81240238.23,4941541.59,6679982.39,543946.81,3.96,0,0.11,434191.54,233965.6,1857440.11
3/22/2015,8767930.83,1539836.58,205744876.9,124791675.9,50616470.17,11000605.98,2030657.46,7228094.25,2.47,0.04,0.66,547228.2,909115.54,1753906.27
3/23/2015,6609683.14,3523517.35,489024590.4,353294420.8,26509797.68,5033326.69,4017805.61,3086165.8,13.33,0.01,0.61,1039304.54,749614.94,255372.02
3/24/2015,3978082.22,588697.42,338437434.8,378735995.7,86947661.76,10129292.21,6507040.41,3389384.8,4.36,0.01,0.33,1838186.4,952734.33,507447.13
3/25/2015,1572025.15,968488.62,420116253.6,76542468.37,89430388.91,11712017.47,1851189.86,603536.53,0.86,0,0.05,502257.31,64568.12,1905393.25
3/26/2015,3798840.9,4099622.38,109636102.7,195816729.9,51967878.05,4843280.56,1323973.35,-300781.49,3.77,0,-0.06,374056.04,332518.71,702689.14
3/27/2015,3926649.9,1303450.98,437906517,392775203.7,16812975.46,2779262.91,7127629.76,2623198.92,23.36,0.01,0.94,1542055.98,762429.13,1561803.23
3/28/2015,7566455.61,3437357.49,465240735.7,203694825.7,44904348.09,3702658.66,3071972.47,4129098.12,4.54,0.01,1.12,1051177.11,1428230.16,1680156.89
3/29/2015,6738017.24,1571822.51,269177863.5,348148058.6,82318389.35,9877960.57,5629025.94,5166194.73,4.23,0.02,0.52,1832391.71,606233.11,922170.85
3/30/2015,8984914.68,947486.27,322813822,243717978.4,91159662.57,13042803.28,690114.53,8037428.42,2.67,0.02,0.62,378567.66,665339.44,2850432.95
3/31/2015,5249934.33,1594274.86,394164410.4,162625365,28312546.82,2584958.68,5675351.66,3655659.47,5.74,0.01,1.41,1327263,1086309.33,2543145.91
4/1/2015,2076348.21,3750201.19,128677382.3,128597751.1,16027625.08,11543966.37,2870759.84,-1673852.98,8.02,-0.01,-0.14,542470.38,925499.5,2194883.17
4/2/2015,7419203.09,4350634.11,276154734.4,97224774.61,88961540.78,6437142.4,918056.4,3068568.98,1.09,0.01,0.48,397844.81,483442.92,326182.21
4/3/2015,7847065.44,4235989.39,229398362.5,309483312.7,45046444.51,8220868.81,5073595.71,3611076.05,6.87,0.02,0.44,1398515.89,645683.77,407777.06
4/4/2015,6051494.78,2287325.88,115868296.5,166885392.6,58758486.78,14075174.15,2306028.62,3764168.89,2.84,0.03,0.27,1228000.78,365664.71,1529065.9
4/5/2015,7938704.62,3506383.11,215390490,214284675.6,97125923.08,6315629.56,3401054.32,4432321.51,2.21,0.02,0.7,1534172.17,1450731.12,566068.71
4/6/2015,5444160.37,1422429.33,80677539.22,207083682.4,15990825.51,8049380.14,1104356.09,4021731.04,12.95,0.05,0.5,687978.9,239419.85,2936969.84
4/7/2015,5704595.46,1819164.79,61615358.13,239366031.1,68348620.67,2177871.39,1603724.38,3885430.68,3.5,0.06,1.78,951146.15,589163.34,559708.68
4/8/2015,4847869.17,4533511.18,110824830.1,348919315.3,16669488.03,3060783.36,2734829.27,314357.98,20.93,0,0.1,870396.19,87466.51,1513656.72
4/9/2015,1228772.14,558508.66,483401800.2,392680950.6,43792203.56,5361690.68,1173196.25,670263.48,8.97,0,0.13,1969769.98,371580.26,1155951.06
4/10/2015,1971022.84,884788.39,297288291.2,174881999.3,82343309.07,2362079.13,7331196.99,1086234.45,2.12,0,0.46,655273.02,1181683.15,1954220.62
4/11/2015,1282862.67,1435488.15,484619972.5,334457190.4,49012500.95,10207879.24,545352.82,-152625.48,6.82,0,-0.01,660152.75,341704.09,474205.59
4/12/2015,6727693.7,619394.92,244624045.3,310520562,99746411.85,7543178.64,4128951.64,6108298.78,3.11,0.02,0.81,773641.6,166091.93,1347917.64
4/13/2015,3829203.83,1316459.46,190317259.9,237941001.6,60315335.65,9125887.64,1424355.94,2512744.37,3.94,0.01,0.28,1172728.75,737957.11,896644.6
4/14/2015,5577136.22,3123687.02,277763838.3,383297914.6,38904593.74,4270413.42,2807593.17,2453449.2,9.85,0.01,0.57,579413.21,64455.39,2674479.42
4/15/2015,9168098.27,2396410.48,247780259.9,96180315.9,29810019.33,5847116.38,7445446.7,6771687.79,3.23,0.03,1.16,1839050.89,172910.92,217698.57
4/16/2015,3243630.06,4517022.7,97549107.92,61520399.92,41546848.09,10629718.17,1712709.15,-1273392.64,1.48,-0.01,-0.12,604802.57,1221057.51,2749809.73
4/17/2015,4693446.31,4178496.03,338371841.6,344505547.4,43527994.64,14548935.41,7743742.4,514950.28,7.91,0,0.04,1802049.89,1168636.35,2515683
4/18/2015,7799960.25,2038178.08,147217182.1,186876930.3,16184231,2655418.06,2043457.83,5761782.16,11.55,0.04,2.17,296602.62,1376951.29,962955.08
4/19/2015,3059183.49,1667405.45,328814579.7,341848164.6,43261677.95,13574996.17,6061745.81,1391778.04,7.9,0,0.1,1347469.13,1289047.38,2388942.9
4/20/2015,1692819.19,2208615.84,342590491.6,359374278,51781466.78,9499455.62,4600079.49,-515796.65,6.94,0,-0.05,1823272.49,1040604.57,190519.32
4/21/2015,3607763.08,3156327.24,118411183.9,43733885.58,75046397.7,9330954.37,7133590.46,451435.83,0.58,0,0.05,420623.93,125882.64,2903910.1
4/22/2015,2450991.59,1706286.38,77607332.2,355716609.9,69105653.62,8503620.96,4654949.42,744705.2,5.15,0.01,0.09,1939821.22,1185130.5,1627125.33
4/23/2015,9367278.87,3308670.09,401342713.7,190361241,73788908.97,2902123.12,4509194.14,6058608.79,2.58,0.02,2.09,960478.38,1275990.68,979514.98
4/24/2015,8273083.42,2342352.43,256910190.7,213964345.8,10752731.37,3168399.07,1965935,5930730.98,19.9,0.02,1.87,1896858.71,1208669.11,1151491.32
4/25/2015,6700633.81,2984212.31,76173707.98,258105154.2,29590065.96,9811856.07,1746720.22,3716421.49,8.72,0.05,0.38,1385958.08,787294.6,292575.53
4/26/2015,8843145.31,2462569.38,497689842.7,372025390.6,69551585.96,6432461.43,7373668.63,6380575.93,5.35,0.01,0.99,673015.05,387707.67,2969113.59
4/27/2015,8233048.69,1825095.92,76001252.45,27264115.88,53559043.14,13924484.87,2958786.49,6407952.77,0.51,0.08,0.46,457774.8,1275728.46,213946.64
4/28/2015,2679130.53,4768039.88,362765853,201200518,10478212.81,7285676.99,3290616.91,-2088909.35,19.2,-0.01,-0.29,677096.59,1104386.07,1999230.66
4/29/2015,9033030.99,3936226.07,492655516.4,281334376.1,82404517.82,3862658.96,6198677.44,5096804.91,3.41,0.01,1.32,276733.08,1472103.7,1383934.19
4/30/2015,5854080.18,1130509.29,157631046.9,294628643.9,79552861.6,11291344.84,3041176.12,4723570.89,3.7,0.03,0.42,373349.14,275754.27,2851857.03
5/1/2015,8266961.4,4408105.89,114012215.9,283162324,59357724.67,5813594.48,7640468.35,3858855.5,4.77,0.03,0.66,298854.84,377213.65,813399.25
5/2/2015,9064821.7,2693440.39,104623222.7,71085349.18,15981699.32,8831114,6034458.27,6371381.31,4.45,0.06,0.72,903592.73,357107.32,1643051.79
5/3/2015,3862031.27,4525485.02,186473816.4,133770323.6,78986354.46,11071826.21,4980719.32,-663453.75,1.69,0,-0.06,1611598.91,1199182.66,1498833
5/4/2015,1990467.32,4099348.65,95470614.95,156311899.7,62534222.9,13703433.45,7106713.7,-2108881.33,2.5,-0.02,-0.15,368628.75,321015.58,2138312.69
5/5/2015,3051416.46,2413460.77,361472603.8,325686138.9,80376397.94,12298485.53,872044.31,637955.69,4.05,0,0.05,347608.82,146656.75,297229.67
5/6/2015,4843970.1,601111.89,78031309.16,125928751.5,77657229.32,10792693.88,2427970.19,4242858.21,1.62,0.05,0.39,1322515,1497913.17,661988.48
5/7/2015,8362132.89,1709048.12,279239957.7,100067886.3,82270186.48,10835231.37,3987772.51,6653084.78,1.22,0.02,0.61,474647.67,85984.96,722237.98
5/8/2015,8746575.25,2937353.97,498513584.2,383830247.2,56620725.98,14297020.37,2202339.05,5809221.28,6.78,0.01,0.41,285459.07,1261103.89,2240637.19
5/9/2015,1062569.17,3350651.99,416286621.3,23368048.34,22629206.64,5845713.27,6079288.9,-2288082.81,1.03,-0.01,-0.39,417012.3,579781.92,648502.22
5/10/2015,5596725.72,1660494.58,326848747.2,399171925.2,70404172.6,2014457.22,7394060.23,3936231.14,5.67,0.01,1.95,1855089.65,1270342.42,1763126.12
5/11/2015,4756699.03,1127102.33,187814129.4,277192093.6,65842640.65,5535409.27,3678275.9,3629596.7,4.21,0.02,0.66,1660795.38,854199.71,724207.08
5/12/2015,2998970.29,4257186.07,330753126.3,334818333.8,76802786.85,4832587.94,3065994.5,-1258215.77,4.36,0,-0.26,772722.67,1357365.28,2598712.36
5/13/2015,2078788.31,4929809.81,287168658.8,131955370.6,25289290.54,10603849.61,7711630.49,-2851021.51,5.22,-0.01,-0.27,1346059.46,1392979.83,2832337.82
5/14/2015,4038536.54,2865605.82,241737522.8,25439805.51,27547767.99,10238250.8,3836393.25,1172930.72,0.92,0,0.11,1120823.78,63192.36,1603629.63
5/15/2015,9486187.34,1272556.79,108819669.5,300390417.1,90136856.55,9714997.98,4167863,8213630.55,3.33,0.08,0.85,1386536.1,159347.66,1121695.76
5/16/2015,3908826.39,1725382.97,448971896.9,336974946.9,77498001.86,2211164.76,3137374.04,2183443.42,4.35,0,0.99,1397075.19,413020.16,778767.55
5/17/2015,5669115.6,582758.04,252403092,301380930.1,91740563.98,11474114.71,7321613.55,5086357.55,3.29,0.02,0.44,1294594.63,1020507.35,244364.9
5/18/2015,7327170.63,4614344.63,137580130.3,74283109.17,78284378.9,6205895.36,4767166.12,2712826,0.95,0.02,0.44,605592.6,1337994.68,878650.22
5/19/2015,4272666.42,1029879.87,215491707.9,306302610.5,63743977.54,10645727.86,6216309.4,3242786.55,4.81,0.02,0.3,174112.2,716915.83,1997283.76
5/20/2015,9746038.74,3094324.14,236358388.6,312190657.2,68871946.33,9235519.57,6588550.39,6651714.6,4.53,0.03,0.72,965576.89,930111.02,1647489.1
5/21/2015,9662025.65,1733248.49,422392053,270245396,90021513.15,6455502.03,3063867.81,7928777.16,3,0.02,1.23,1792850.38,323324.79,2837719.71
5/22/2015,3266040.66,2993801.01,380126471.3,311124054.5,62092607.91,3749491.47,3752707.48,272239.65,5.01,0,0.07,1182044.79,1217201.91,1249204.06
5/23/2015,5475236.55,3431391.75,396187202.1,341450147.1,66915219.19,3227445.67,6863538.31,2043844.81,5.1,0.01,0.63,1681542.98,1452625.76,2112203.69
5/24/2015,3707904.79,4233838.12,54964068.99,253169563.4,24082904.44,12809738.33,3224415.14,-525933.33,10.51,-0.01,-0.04,1984086.25,439468.45,1519035.97
5/25/2015,3563564.45,1428895.72,237269299.2,53669791.31,52652909.81,13939168.05,6454513.5,2134668.73,1.02,0.01,0.15,410870.79,767497.63,1586471.03
5/26/2015,1331982.53,549481.23,266604868.2,205298567.7,74475740.08,10447244.61,7557442.42,782501.3,2.76,0,0.07,1414377.51,174868.36,876545.51
5/27/2015,6486079.01,1115985.34,58636524.57,49506747.18,34384842.85,3344643.49,5174077.8,5370093.67,1.44,0.09,1.61,1381157.79,860748.15,1419357.25
5/28/2015,5524111.21,4550083.89,166915943.9,174866351.8,28202876.25,7226353.82,6062204.66,974027.32,6.2,0.01,0.13,1961915.35,779035.99,1465276.49
5/29/2015,1463308.76,4432505.35,392130420.4,174700465.9,38244412.74,11476209.6,6538229.84,-2969196.59,4.57,-0.01,-0.26,1972641.39,259432.9,2149263.31
5/30/2015,3507818.18,3188358.96,111699367.6,45083740.77,31735056.52,12137671.49,6837797.37,319459.22,1.42,0,0.03,1404689.36,690996.01,2827856
5/31/2015,9174392.97,3202325.87,290889559.2,152551802.9,29342137.33,3536842.09,3462900.03,5972067.1,5.2,0.02,1.69,562868.1,534451.75,1055031.7
6/1/2015,3156057.02,3492665.04,146840842.4,62179277.54,48236575.86,2000399.34,884475.94,-336608.02,1.29,0,-0.17,1617256.09,806654.77,222381.36
6/2/2015,2304053.85,1289170.75,55454348.59,327129379.8,91705466.25,11257781.6,3514072.03,1014883.1,3.57,0.02,0.09,303355.36,899198.79,1539255.86
6/3/2015,5405074.84,4614853.76,158540655.9,380121449.9,55635368.21,6635750.29,5553171.72,790221.09,6.83,0,0.12,1583328.68,62318.59,1678937.86
6/4/2015,9870854.09,2384467.36,489143189.7,47480260.6,26912834.27,5308257.31,3877627.89,7486386.72,1.76,0.02,1.41,1829372.64,1153458.68,588477.6
6/5/2015,3178497.44,2224123.38,410691700.4,382943778.8,16927450.24,2167667.11,6117223.63,954374.07,22.62,0,0.44,827383.45,1083870.72,2305347.36
6/6/2015,7049219.93,2835129.67,481809489.9,218579107.8,72654053.06,9023892.29,3177368.22,4214090.25,3.01,0.01,0.47,1298207.06,581115.26,2956294.41
6/7/2015,7854576.54,711346.85,269534319.8,133834957.6,44451888.8,13064959.56,5260581.06,7143229.69,3.01,0.03,0.55,917271.19,126757.11,2842746.68
6/8/2015,3138737.9,1248275.16,99381289.4,49207588.6,83964785.19,14449211.4,1898148.54,1890462.74,0.59,0.02,0.13,931753.6,1144652.18,671607.51
6/9/2015,7553947.14,3821151.27,296581770,210237221.9,69355969.18,9354684.36,6120270.77,3732795.86,3.03,0.01,0.4,689704.69,1435003.98,2638553.4
6/10/2015,4310048.19,872594.01,254469800.6,321915906.9,81661730.55,8687997.26,4592719.77,3437454.19,3.94,0.01,0.4,1548046.28,398219.81,2143031.55
6/11/2015,6690752.48,3214184.49,429960687.2,288692861.4,34475143.55,3105733.01,2030482.91,3476567.98,8.37,0.01,1.12,1878735.47,519110.69,1416155.04
6/12/2015,6701767.4,1604070.99,94137161.35,39085884.36,72312303.02,9135346.42,2689333.8,5097696.4,0.54,0.05,0.56,1887426.63,316528.69,1667771.88
6/13/2015,5821972.16,2251830.26,269708511.7,47702697.44,33765578.62,6939728.03,6114565.31,3570141.89,1.41,0.01,0.51,432084.44,886557.38,2563840.51
6/14/2015,1812607.93,1799121.82,117521899.1,173091847.4,94516163.15,9892758.65,4119509.27,13486.12,1.83,0,0,1762012.93,274520.02,1492391.32
6/15/2015,8517722.46,2100527.22,196104167.1,132210387.7,67273685.34,7053442.52,2120235.8,6417195.24,1.97,0.03,0.91,1501119.74,566481.22,1182301.37
6/16/2015,3887020.58,3735706.57,381810684.8,108306042.8,39206062.02,5123888.6,7754533.93,151314.01,2.76,0,0.03,580391.06,1060668.87,1530417.73
6/17/2015,2678666.59,1837047.72,264208158.2,126781709.6,34256067.61,3234548.58,5863437.65,841618.87,3.7,0,0.26,227840.76,862168.18,1779476.43
6/18/2015,1366976.27,3048820.88,219149728.3,325323442.5,27183392.66,6093939.78,7678511.24,-1681844.61,11.97,-0.01,-0.28,609194.81,610370.72,648325.2
6/19/2015,6318036.49,2642226.81,227514325.4,373106660.4,72517686.3,3256382.85,3703287.84,3675809.68,5.15,0.02,1.13,1833195.65,659361.92,2712632.42
6/20/2015,7098079.26,3486520.24,256751045.8,173939023.9,29684405.17,4299660.36,4063252.56,3611559.01,5.86,0.01,0.84,1303039.48,865060.78,2055142.15
6/21/2015,1149290.46,4715733.83,403257444.7,364322180.8,63577293.93,14835370.06,7234664.12,-3566443.37,5.73,-0.01,-0.24,1470003.86,58503.86,1936479.86
6/22/2015,5608837.52,3796574.44,451438110,142168366.5,33817152.42,7773346.24,4437870.05,1812263.09,4.2,0,0.23,588589.47,163839.31,388539.06
6/23/2015,3038461.98,1467231.7,479900608.9,201046054.8,69577205.03,8914332.96,5804591.84,1571230.27,2.89,0,0.18,1466837.5,1327824.2,1852104.42
6/24/2015,6806555.11,640324.11,404106523.8,105891019.2,83344575.57,13357040.87,2391296.58,6166231.01,1.27,0.02,0.46,153430.86,162924.53,450785.92
6/25/2015,2569297.86,1680188.2,191933103.1,263380896,80022271.88,14942395.71,3850448.52,889109.66,3.29,0,0.06,813110.56,1074865.21,328223.26
6/26/2015,7218439.64,3177850.69,359660617.7,392012823.8,78476619.78,9575287.84,1425873.99,4040588.95,5,0.01,0.42,1290831.36,1384055.34,1629201.6
6/27/2015,4480618.12,731416.16,246921405.8,249327376.5,26895016.51,12562159.67,2044850.27,3749201.96,9.27,0.02,0.3,377583.47,442491.23,1268078.05
6/28/2015,9430569.9,2733648.11,164601779.9,155969352,17954645.23,6250233.32,507075.61,6696921.79,8.69,0.04,1.07,1663706.79,587212.58,1807549.78
6/29/2015,2237688.5,3185792.82,428392210.7,266170629.5,72905394.56,5974671.45,794487.89,-948104.32,3.65,0,-0.16,546559.47,874936.04,358744.29
6/30/2015,4069597.16,2004097.51,67291857.03,66709857.82,43151249.24,7235148.37,7829628.67,2065499.65,1.55,0.03,0.29,1339334.11,1328478.01,1349850.88
7/1/2015,2021261.69,3969104.92,455792896.5,357690450.5,48911160.38,10742594.41,2317652.71,-1947843.23,7.31,0,-0.18,869874.57,1415763.1,606881.47
7/2/2015,9322242.56,979692.14,257664859.1,211171901.3,12803418.35,10868491.96,5474830.32,8342550.43,16.49,0.03,0.77,1232482.83,1122366.71,2962590.25
7/3/2015,8896054.18,838120.02,336740664.6,190752902,33361880.43,6098112.65,6793247.74,8057934.16,5.72,0.02,1.32,304156.05,175598.65,1727335.62
7/4/2015,3321474.65,3776849.4,346709265,242628619.6,13030876.35,3731729.01,4629953.44,-455374.75,18.62,0,-0.12,132134.32,1020273.53,2093566.9
7/5/2015,6939856.41,2729710.92,452802983.3,257417867.9,89126719.53,10221151.33,1648583.75,4210145.49,2.89,0.01,0.41,1828172.41,644940.4,1043713.01
7/6/2015,8354999.8,3597810.78,336501357,47274806.37,31905701.49,3668236.21,5960873.28,4757189.02,1.48,0.01,1.3,612297.02,732516.45,374742.85
7/7/2015,5996807.3,2456723.02,326270113.1,279394544.1,60160345.26,9520402.61,5001885.58,3540084.28,4.64,0.01,0.37,1657386.31,121265.17,2930025.5
7/8/2015,5766855.21,1608809.15,79993418.25,111934038.5,13508138.86,11014487.66,5984379.42,4158046.06,8.29,0.05,0.38,1998765.57,327040.1,930151.2
7/9/2015,3176670.62,4185960.43,283283609.9,291302000.4,70016265.22,11107949.45,6273099.67,-1009289.81,4.16,0,-0.09,501719.39,1196244.73,1329043.74
7/10/2015,1837924.91,4097371.46,117576050.4,332563221.9,39072461.12,11795137.44,7815577.76,-2259446.55,8.51,-0.02,-0.19,603824.41,708240.31,1984605.37
7/11/2015,9074941.82,3626134.12,381845195.9,325504232.9,90812726.83,13347172.48,4801724.6,5448807.7,3.58,0.01,0.41,1359433.6,487410.25,171622.16
7/12/2015,9103762.51,1724653.12,280499864.4,229950367.6,89930637,8499466.9,3062308.35,7379109.4,2.56,0.03,0.87,1934352.41,606827.66,2449751.48
7/13/2015,6697913.12,3156038,356102500.6,217664559.1,39276155.65,11493239.46,5363484.18,3541875.11,5.54,0.01,0.31,1840047.26,1288879.29,1656076.75
7/14/2015,4051268.12,2124382.54,68752805.27,74292865.31,91086480.61,10049245.56,1013305.32,1926885.58,0.82,0.03,0.19,1055463.49,1136048.58,906829.84
7/15/2015,4142886.17,912119.33,88156407.22,314631537.2,99654190.61,4426319.22,7230479.89,3230766.84,3.16,0.04,0.73,1610709.54,444857.33,278663.16
7/16/2015,7533601.11,4627911.09,372345524.6,123135564.6,84287409.77,2333965.38,1395357.59,2905690.02,1.46,0.01,1.24,357917.12,220377.67,571245.4
7/17/2015,9073992.34,1115683.84,82437951.2,208744260.7,86038421.3,5699038.01,2958821.28,7958308.5,2.43,0.1,1.4,1957132.55,415397.42,2695598.19
7/18/2015,8983777.82,4776068.09,82065527.49,128024155.3,32410786.25,7759438.18,6618090.35,4207709.73,3.95,0.05,0.54,1932271.14,1385096.85,2089470.25
7/19/2015,8018879.91,2507025.98,55448813.86,70854777.94,61903215.9,10022377.28,4979842.84,5511853.93,1.14,0.1,0.55,411085.02,893303.81,824714.99
7/20/2015,6778284.82,1333098.18,480425629.2,259231924.8,16053032.26,13049471.3,3452266.4,5445186.64,16.15,0.01,0.42,668903.94,823546.3,290242.22
7/21/2015,1757259.68,2938554.26,381878761.8,40646173.23,18542614.31,4551194.32,4050767.45,-1181294.58,2.19,0,-0.26,290294.5,914770.72,2102784.41
7/22/2015,2454658.43,4428256.26,208963133.8,304485189,99900335.08,3632147.27,6909105.45,-1973597.83,3.05,-0.01,-0.54,616263.44,580740.99,1759982.41
7/23/2015,9086987.7,3795011.99,183441011.6,140682982.2,39397532.45,14525239.32,3050032.9,5291975.71,3.57,0.03,0.36,1650316,1220305.18,1273106.62
7/24/2015,6457861.54,4129525.17,207366453.4,20051183.34,77336552.08,3404579.27,7022372.64,2328336.37,0.26,0.01,0.68,818799.65,808765.06,1154473.2
7/25/2015,1082773.46,3464525.15,398594089,214229072.9,82599854.77,8220383.91,1161008.23,-2381751.69,2.59,-0.01,-0.29,267954.24,219284.46,728761.4
7/26/2015,1913243.89,3615244.54,347616775,37803725.24,87222094.39,9612328.47,6325988.28,-1702000.65,0.43,0,-0.18,750228.5,237144.43,2041872.64
7/27/2015,6971515.92,4321380.43,133338005.5,124944432,99786546.77,9037867.47,6856607.25,2650135.49,1.25,0.02,0.29,1964628.34,828445.76,2914937.28
7/28/2015,1045554.25,1623506.04,128349200.9,288651065.2,31734683.67,3118418.04,1863632.4,-577951.79,9.1,0,-0.19,1296398.83,1408026.82,609574.21
7/29/2015,2447272.46,2702412.34,94278042.37,43822056.22,13631574.42,2741349.88,3727598.99,-255139.87,3.21,0,-0.09,890705.8,497110.58,1831638.2
7/30/2015,5938604.1,1495442.49,347136223.9,338948627.1,47007236.62,3371284.56,1741248.31,4443161.62,7.21,0.01,1.32,416423.18,1310834.69,1330136.66
7/31/2015,7227056.78,4944506.04,393967698,21451570.61,21707260.28,9612639.89,5799530.97,2282550.74,0.99,0.01,0.24,1973735.91,1157938.6,1395397.29
8/1/2015,6867651.34,4748267.03,169270892.8,113793070.3,12018330.02,9076483.54,4515108.26,2119384.31,9.47,0.01,0.23,1659613.12,409328.04,837027.11
8/2/2015,3018423.79,677420.65,59425232.46,301543541.3,42438414.44,5038630.3,5264925.1,2341003.13,7.11,0.04,0.46,634806.87,102694.09,2492891.14
8/3/2015,7409612.99,3675088.28,86977250.36,140182656.9,80536442.6,10291063.84,1973652.25,3734524.72,1.74,0.04,0.36,233130.52,197678.53,1507241.25
8/4/2015,3135241.79,4663617.43,485537015.7,58719107.47,60956262.21,12660877.53,2088093.97,-1528375.64,0.96,0,-0.12,207588.56,1106316.2,1675876.97
8/5/2015,3928597.28,1312589.05,182950149.9,156888889.1,38150019.03,2540526.48,811229.94,2616008.23,4.11,0.01,1.03,328718.48,339521.12,983806.65
8/6/2015,7718422.65,3055753.54,396150416.5,122749448.8,68890780.49,8475689.27,2915506.51,4662669.11,1.78,0.01,0.55,1203460.31,588342.83,627244.55
8/7/2015,6846696.09,4619697.34,331098606,340230522.8,30881636.23,10961035.36,4698084.96,2226998.75,11.02,0.01,0.2,1864650.5,777463.79,349140.13
8/8/2015,8643010.69,652756.9,221872837.8,139072208.7,11294330.15,5280055.05,6934511.85,7990253.79,12.31,0.04,1.51,1043812.51,1101928.84,2170945.51
8/9/2015,6918516.03,3638391.2,142559268,319794339.3,78791804.78,6001021.77,5501955.86,3280124.83,4.06,0.02,0.55,1701596.42,214185.27,669079.42
8/10/2015,6114777.43,1838070.53,104623888.2,358911415,66136877.64,9977292.74,3765472.43,4276706.9,5.43,0.04,0.43,947184.58,639231.29,2101218.53
8/11/2015,1843072.91,4659782.88,326755835.6,184850619.4,78607236.21,13673158.81,7648400.86,-2816709.97,2.35,-0.01,-0.21,1446308.74,753355.72,1232091.69
8/12/2015,4309442.23,4869762.1,398585201.3,365778394.7,13504421.5,12529017.46,5894339,-560319.88,27.09,0,-0.04,1490558.2,834199.24,1305746.92
8/13/2015,3386821.31,4749199.2,339756914.1,163380860.5,85340766.5,9580692.85,7476239.02,-1362377.89,1.91,0,-0.14,430531.04,1236622.93,1460614.74
8/14/2015,3195906.79,2633963.97,288635960,386349798.3,65757358,11492882.33,4456909.8,561942.82,5.88,0,0.05,786310.51,298933.38,1166354.67
8/15/2015,9757094.99,4379191.93,68878050.54,53930019.32,60705581.56,6742692.11,2441782.06,5377903.06,0.89,0.08,0.8,1310874.1,1221355.61,391797.93
8/16/2015,4537879.52,4300472.29,485819949.9,281067321.3,66215264.33,10332551.87,896200.15,237407.23,4.24,0,0.02,234323.56,1054673.72,997932.25
8/17/2015,9028419,1935952.13,409421386.2,207649335.4,87798992.22,8060360.68,5945636.39,7092466.87,2.37,0.02,0.88,786926.36,856012.68,2024829.65
8/18/2015,6680247.63,4230119.63,181769916.5,167306546.1,62824285.59,4469169.77,1409772.49,2450128,2.66,0.01,0.55,1116118.99,1064315.41,2030774.76
8/19/2015,8153301.73,666534.36,490986648.2,260430513.9,62285534.19,11122597.56,2770813.46,7486767.38,4.18,0.02,0.67,1992826.54,647425.72,930050.49
8/20/2015,5523733.84,3183214.45,320846715.3,287465694.8,99161124.14,9234040.29,4493531.81,2340519.38,2.9,0.01,0.25,1001613.77,250676.5,1434297.62
8/21/2015,6192134.96,1535039.77,312090196.2,21658042.47,78105715.04,6662080.57,4733124.41,4657095.19,0.28,0.01,0.7,1650507.84,1015359.6,660996.96
8/22/2015,5432659.24,1042550.99,386632930.7,83442173.72,49806442.49,13847409.47,5004373.98,4390108.26,1.68,0.01,0.32,920927.84,810774.84,710079.04
8/23/2015,2757186.89,846289.41,415296404.6,290957499.2,73665730,2272143.53,1746914.98,1910897.48,3.95,0,0.84,1613142.37,977093.46,166836.56
8/24/2015,7502069.04,3633299.49,345415373.3,273226457.2,45030742.45,6105050.97,3348030.54,3868769.55,6.07,0.01,0.63,1231288.12,540098.23,2700564.99
8/25/2015,3526951.26,2029437.34,107643085.9,387098052,30598791.62,2739458.17,5128956.7,1497513.93,12.65,0.01,0.55,1784531.34,1364956.54,711049.33
8/26/2015,1218843.7,3761450.47,202220377.7,309194360.3,63716668.92,11964855.11,7773641.48,-2542606.77,4.85,-0.01,-0.21,880790.85,901686.31,759848.24
8/27/2015,6809250.66,794103.53,467637638.2,381293628.9,93536388.83,11127396.9,5957233.53,6015147.13,4.08,0.01,0.54,1248178.4,173833.6,910844.15
8/28/2015,2593996.11,1918806.52,151077025.3,286965390.6,93622556.8,6307578.84,7419528.18,675189.59,3.07,0,0.11,1297035.49,702215.79,469483.41
8/29/2015,9464127.26,2927710.82,217475160.7,133259839.3,40771475.03,10783617.73,6216590.44,6536416.44,3.27,0.03,0.61,893027.59,1146716.28,1953862.36
8/30/2015,9585357.19,4058254.24,244434597.3,60038670.46,57490971.96,7147183.94,4937877.27,5527102.95,1.04,0.02,0.77,374192.88,1201495.11,317914.56
8/31/2015,9233779.51,1934386.26,247732245.4,317093068.1,29047230.87,11831299.29,1940175.27,7299393.25,10.92,0.03,0.62,277762.87,767165.73,489187.04
9/1/2015,4331428.3,3316511.19,325822812.1,264776704.2,99606799.85,7904387.62,5500142.39,1014917.11,2.66,0,0.13,131675.95,1347383.98,1969794.51
9/2/2015,1139109.55,4486899.87,474384127,38310684.71,98300611.71,7359636.46,5175346.74,-3347790.32,0.39,-0.01,-0.45,1759715.1,438119.23,1085015.8
9/3/2015,9354867.06,3271384.35,158311720.3,156819177,68455803.67,14151488.9,5018518.78,6083482.72,2.29,0.04,0.43,549302.33,645368.11,2153048.7
9/4/2015,4853657.33,1548317.64,104675619.3,383583929.9,82397265.37,5261428.3,4173394.01,3305339.7,4.66,0.03,0.63,501862.82,1352965.52,1716531.76
9/5/2015,9699893.37,609803.52,138861720.4,210152435.4,74359014.52,3565815.42,4464924.53,9090089.85,2.83,0.07,2.55,1498467.26,1349572.24,842461.4
9/6/2015,9672579.79,4415444.93,449116205.1,184437071.7,63384239.71,9599060.47,3008318.95,5257134.86,2.91,0.01,0.55,708030.61,1044283.51,1987401.06
9/7/2015,8677085.1,595712.35,340614865.7,193925850,14801319.73,14601183.56,4394845.19,8081372.75,13.1,0.02,0.55,1061484.92,1295521.79,437193.67
9/8/2015,3650040.03,4436157.53,178658055.2,99375435.12,50928790.83,6911909.78,1981669.29,-786117.5,1.95,0,-0.11,408771.02,178721.24,1655590.11
9/9/2015,4465879.56,2880217.1,417176122.5,160108724.9,70730767.2,2806477.93,6538807.98,1585662.45,2.26,0,0.57,1923516.87,1304242.72,1367729.5
9/10/2015,8660230.04,4725804.64,437616498.4,160529037.3,70977845.25,6410968.48,1893327.16,3934425.4,2.26,0.01,0.61,1718004.66,514898.86,876833.39
9/11/2015,3852298.05,4094524.56,430931452.4,39894907.67,43581035.66,8577111.51,1137247.17,-242226.51,0.92,0,-0.03,1741200.28,308580.69,1851614.49
9/12/2015,2525434.72,4990703.5,463516940.1,311675698.8,94752278.8,4104999.09,3771845.2,-2465268.78,3.29,-0.01,-0.6,872870.12,397086.26,2626867.42
9/13/2015,6011211.36,2078203.17,163508459.1,178271684.1,25062132.9,10555328.83,5437305.8,3933008.19,7.11,0.02,0.37,1548486.31,656054.34,2996823.63
9/14/2015,9425392.97,3952347.3,389768867.9,332428357,55032350.16,14970742.06,3782876.19,5473045.67,6.04,0.01,0.37,373364.7,414228.41,1862512.03
9/15/2015,7264268.17,2308689.11,257242773.8,343132240.4,72179557.89,7872613.19,2575655.99,4955579.06,4.75,0.02,0.63,116376.1,514823,1273647.04
9/16/2015,6130550.53,2659440.29,428899348.8,100557740.8,72742222.53,6611471.24,4686283.88,3471110.24,1.38,0.01,0.53,137948.57,245718.8,753100.59
9/17/2015,1874588.44,3323774.58,377820804.7,269794323.2,68377506.11,7209154.17,3102517.52,-1449186.14,3.95,0,-0.2,1214543.3,479456.31,845578.66
9/18/2015,6535065.04,4431547.01,399401350.9,199467085.6,34775939.21,3496900.32,7496507.68,2103518.03,5.74,0.01,0.6,965250.32,879811.53,1490419.44
9/19/2015,9910484.65,4928375.61,345272827,354459560.4,24058591.18,13482556.82,7419838.55,4982109.04,14.73,0.01,0.37,1084229.16,690687.88,1165105.33
9/20/2015,2260756.14,3957230.36,129842946.3,101981458.1,67234629.41,7392733.52,4267788.65,-1696474.23,1.52,-0.01,-0.23,114179.97,552742.2,2750062.12
9/21/2015,5664966.87,2379950.52,295262113.5,277569016.1,63937190.45,7034567.35,2959129.96,3285016.35,4.34,0.01,0.47,903104.58,1132355.59,1168056.86
9/22/2015,8896357.65,2396106.51,493101382.8,250945806.5,26142040.93,10575973.55,6028493.1,6500251.14,9.6,0.01,0.61,1464329.51,1345589.46,1182989.31
9/23/2015,7666917.56,3819120.36,471824629.9,132214561.5,73462523.1,7746434.47,775347.08,3847797.2,1.8,0.01,0.5,941118.03,1147344.37,1212250.09
9/24/2015,7273141.67,1574497.16,69428181.11,71908343.39,50965479.26,10427035.09,4060767.55,5698644.51,1.41,0.08,0.55,1491216.49,531401.02,2526198.61
9/25/2015,7322356.76,997133.51,124166667.1,267623109,70098453.24,2798801.77,3022425.46,6325223.25,3.82,0.05,2.26,542736.03,1129441.14,1987286.13
9/26/2015,4235420.36,2095799.71,109277948.1,300667034.1,85363037.18,12578403.47,7404019.14,2139620.65,3.52,0.02,0.17,1644969.81,270371.26,1881089.67
9/27/2015,3642326.6,1792575.46,376690959.5,139938390.6,25275558.57,14226551.39,590022.7,1849751.14,5.54,0,0.13,1218019.36,238961.08,1069014.76
9/28/2015,8284250.4,1833386.54,418003398.4,265036389.5,11723038.12,10433950.02,4646111.57,6450863.86,22.61,0.02,0.62,500449.89,551159.2,2471922.11
9/29/2015,8291020.55,1551234.88,146080114.8,170149744.9,80119232.78,14409357.08,6054976.86,6739785.67,2.12,0.05,0.47,549768.9,1221168.44,211255.2
9/30/2015,8803650.87,689419.35,277633711.8,291018615.7,64872768.26,3968620.09,4137634.91,8114231.51,4.49,0.03,2.04,1293257.88,407204.96,2625311.8
10/1/2015,9219164.97,580432.71,428316362.6,95701804.46,72967561.27,8206410.46,1140522.73,8638732.27,1.31,0.02,1.05,1676885.23,141717.44,1586974.71
10/2/2015,5602081.59,4944750.75,379760695.1,358281701,85433947.75,9823487.54,7793460.43,657330.84,4.19,0,0.07,889692.79,240978.83,1254925.68
10/3/2015,5513646.65,2424979.1,294006742.5,129215646.7,82252984.13,9562576.42,4385078.24,3088667.55,1.57,0.01,0.32,590770.82,1295180.2,1541785.11
10/4/2015,8184656.61,2229469.91,315656460.7,159758675.4,96482813.22,7219003.13,5106396.83,5955186.7,1.66,0.02,0.82,1747322.05,968985.76,2035505.04
10/5/2015,6849675.38,3558412.77,278762246.1,42074941.79,58234157.1,6395097.32,2274573.37,3291262.6,0.72,0.01,0.51,1371609.75,417141.69,137019.74
10/6/2015,7317701.9,1482142.5,183896803.1,62374640.68,53964606.94,3648712.29,4126235.64,5835559.4,1.16,0.03,1.6,951362.43,855178.95,2627500.38
10/7/2015,8162134.02,4774825.33,304259896.8,216027523,46169847.99,7092651.86,3718621.19,3387308.7,4.68,0.01,0.48,1027010.37,814990.45,1395544.62
10/8/2015,9010048.08,4038552.56,359998385.9,121685217.2,23832193.86,4114590.6,1061718.82,4971495.51,5.11,0.01,1.21,488087.29,1000382.17,1094602.91
10/9/2015,4041956.41,902349.51,442995312.1,337482485.8,61534650.96,11546753.79,1296202.65,3139606.9,5.48,0.01,0.27,1290925,388121.95,500912.14
10/10/2015,4380246.57,2379113.49,336331109.3,25583487.69,34931127.19,4714802.16,6781043.9,2001133.08,0.73,0.01,0.42,781610.77,1303384.33,1374449.59
10/11/2015,1845837.46,4456032.38,392504691.7,164055738.5,92917676.1,2761348.97,2298649.64,-2610194.93,1.77,-0.01,-0.95,1991725.84,498584.42,1539336.04
10/12/2015,6204521.27,4751294.1,122032235.7,148191307.8,62487172.38,9180759.79,1962187.04,1453227.17,2.37,0.01,0.16,1012348.68,1056490.9,1270575.41
10/13/2015,1323480.46,2603306.8,257700863.5,27344499.75,63355616.25,9737986.53,4286835.88,-1279826.34,0.43,0,-0.13,1023182.65,73380.74,2068114.27
10/14/2015,5190382.16,3260351.25,54199228.92,67259991.62,41943219.48,13334869.8,6265603.49,1930030.91,1.6,0.04,0.14,1175118.4,590352.84,1320599.93
10/15/2015,5883801.71,1251652.76,161005489,177184216.5,14679041.68,9500760.96,964598.89,4632148.95,12.07,0.03,0.49,1841836.41,559979.24,2888110.98
10/16/2015,3578871.27,4960258.82,376907771.8,207288542.1,12856938.88,6491251.1,4826059.4,-1381387.55,16.12,0,-0.21,1621554.39,838052.42,1837904.8
10/17/2015,6317499.35,1542522.66,496314478.1,173630104,48100162.97,12439154.46,1394078.32,4774976.69,3.61,0.01,0.38,957147.13,155467.58,2441686.01
10/18/2015,1274502.25,4742292.98,94630144.81,221756317.8,17610884.03,9023625.61,773457.88,-3467790.73,12.59,-0.04,-0.38,1465528.61,1195690.49,417132.12
10/19/2015,1336133.7,3423409.92,230672442.1,246150036.5,64616226,3030643.7,895579.64,-2087276.22,3.81,-0.01,-0.69,1213847.45,365782.16,1252144.75
10/20/2015,8403405.05,3234815.58,410031935.9,23771052.03,89287570.51,9356057.28,6756230.81,5168589.47,0.27,0.01,0.55,1035497.39,1031704.83,1076858.33
10/21/2015,4241715.77,2807098.3,141816035.6,196356160.6,89462333.49,13804241.09,1384793.63,1434617.47,2.19,0.01,0.1,465399.97,1214657.58,1751498.93
10/22/2015,2143544.61,1538014.15,299788227.2,386129711.5,69314086.91,7152064.13,838635.23,605530.46,5.57,0,0.08,981478.9,864721.59,2597229.21
10/23/2015,5700189.34,1294376.14,379882083.2,217232266.5,29010864.83,5852235.42,3784249.15,4405813.2,7.49,0.01,0.75,567055.32,1124280.65,327180.83
10/24/2015,7929941.98,1492187.94,327193452.6,277466061.6,87669714.82,3865102.94,6829951.04,6437754.04,3.16,0.02,1.67,1838200.08,1009697.45,310466.91
10/25/2015,2942389.25,1338972.18,134611130.6,138508266,89748409.18,3968791.79,2468062.82,1603417.07,1.54,0.01,0.4,737272.95,565518.21,2565921.35
10/26/2015,6606014.28,4008130.13,209923055.9,314116723.7,27698822.65,7626029.3,3662844.63,2597884.15,11.34,0.01,0.34,1909301.63,1222844.88,717265.25
10/27/2015,1768127.18,2075563.67,402706303,313710163.1,76368347.72,9743837.71,799418.99,-307436.48,4.11,0,-0.03,1112805.05,477316.99,2039384.44
10/28/2015,1465135.49,760292.04,299401931.4,218092498.1,35786759.4,3048000.27,3868088.86,704843.45,6.09,0,0.23,1299934.32,878258.73,1674346.58
10/29/2015,5782191.68,4860961.84,52353326.09,390885252.9,82237628.11,14214391.66,4832098.1,921229.85,4.75,0.02,0.06,1131586.84,1130826.72,2515391.43
10/30/2015,5865716.09,4477036.48,392445842,67709081.61,99751410.99,11816737.03,4781802.9,1388679.61,0.68,0,0.12,345823.17,599486.07,462757.84
10/31/2015,6736869.11,4674885.27,65890109.72,26440112.66,12702340.48,9626110.94,2993200.19,2061983.84,2.08,0.03,0.21,814060.32,489013.03,476370.6
11/1/2015,7534822,4977085.2,385580202.2,312660120.5,90762927.92,12769702.72,2866498.85,2557736.8,3.44,0.01,0.2,288377.61,716051.71,1714773.24
11/2/2015,9782668.72,1282528.62,141116252.1,326719104.2,66036748.02,3042427.84,1299677.14,8500140.09,4.95,0.06,2.79,1283612.68,1236047.07,2844498.09
11/3/2015,5646703.13,2283089.09,481133066.1,65678747.07,97604435.72,8198905.41,3250987.4,3363614.05,0.67,0.01,0.41,949060.97,1398386.56,1303493.5
11/4/2015,3906608.26,3912073.14,215573338.1,120921476.5,51850856.58,10191210.65,1246210.02,-5464.88,2.33,0,0,1578171.45,840370.95,1048132.09
11/5/2015,8156675.75,3632092.78,197119227.4,26669898.08,86264913.75,12772487.78,6249469.59,4524582.97,0.31,0.02,0.35,518893.91,1009126,1859399.04
11/6/2015,3437490.26,1192531.58,116999622.7,131457272.1,15615466.17,12185104.28,7747057.23,2244958.68,8.42,0.02,0.18,412675.51,1359746.75,2798300.94
11/7/2015,4950742.79,4171249.06,187521897,313793912.1,40175114.51,5601900.25,7775558.43,779493.72,7.81,0,0.14,872031.24,192892.93,2527090.72
11/8/2015,1706107.43,1509982.57,444492842.8,216825000.5,16031488.4,14231442.2,6988033.25,196124.86,13.52,0,0.01,1860512.23,386513.94,2986902.47
11/9/2015,1228156.69,1507179.27,498350451.9,152276325.4,97780882.01,3616495.94,5005941.12,-279022.58,1.56,0,-0.08,1449801.45,1077905.01,165448.89
11/10/2015,9663835.73,2916384.9,215739288.7,161260932.1,83527651.65,13376737.04,5756492.73,6747450.83,1.93,0.03,0.5,895954.89,1244429.47,427288.62
11/11/2015,8523821.08,3168229.71,251874783.9,20514377.77,86729267.91,14622223.24,2639043.52,5355591.38,0.24,0.02,0.37,1082817.12,1292692.09,1867456.51
11/12/2015,7263767.85,3110387.94,374931922.2,133924200.5,94416870.83,4302995.8,5230778.15,4153379.92,1.42,0.01,0.97,260004.72,651905.41,2479671.67
11/13/2015,4680576.5,911690.77,448788101.2,265654321.8,17659313.75,11386858.83,3917371.62,3768885.73,15.04,0.01,0.33,1970694.2,179542.86,927208.59
11/14/2015,2559648.88,4448573.88,316869950.4,390193888.7,44703783.33,2523711.74,4115130.05,-1888925,8.73,-0.01,-0.75,1366173.88,684783.14,793712.16
11/15/2015,2407933.38,1695200.19,226186564.2,341883114.3,16393140.01,7270496.73,6183324.2,712733.19,20.86,0,0.1,642267.73,384565.16,2382229.82
11/16/2015,3252186.08,1082817.15,235679828.4,28966086.57,28971379.14,8711682.89,2614387.67,2169368.94,1,0.01,0.25,1213035.95,472234.86,263507.38
11/17/2015,5943039.98,4499366.36,363028165.9,361453029.8,30642919.93,9548387.94,2885297.09,1443673.62,11.8,0,0.15,308016.5,1169787.96,1171209.68
11/18/2015,7431363.3,4800431.74,51448218.62,317615397.1,52219648.99,14167184.23,7434813.43,2630931.56,6.08,0.05,0.19,1935089.67,159514.27,1566846.75
11/19/2015,6941776.39,4379574.28,328815201.9,316542927,34170595.07,10739258.93,921682.21,2562202.11,9.26,0.01,0.24,432091.48,1249992.77,1725011.16
11/20/2015,3519405.07,4142822.34,209971854.7,194038388.4,19088029.61,8256613.37,4142257.24,-623417.26,10.17,0,-0.08,1331257.6,670120.17,2212983.95
11/21/2015,9593787.53,3448588.91,407388799.1,171242011.3,25074198.02,12525775.47,7346006,6145198.61,6.83,0.02,0.49,566363.48,914292.7,1129052.6
11/22/2015,7641072.25,2978858.17,91845787.92,135107977,23254800.72,14356926.67,5077722.56,4662214.08,5.81,0.05,0.32,1463366.63,179995.74,1876784.6
11/23/2015,5989186.47,891440.42,314691020.1,44964046.4,97576911.81,2286859.93,4598053.06,5097746.05,0.46,0.02,2.23,1575960.6,539170.66,1797588.73
11/24/2015,6505486.72,2338039.46,266437800.5,106729438.1,78336325.62,14772776.54,2373081.34,4167447.26,1.36,0.02,0.28,1379497.48,180066.33,1688086.69
11/25/2015,4776400.56,2177098.33,339046486.7,113709381.3,97098531.87,3119717.81,3074566.17,2599302.24,1.17,0.01,0.83,1267548.97,1444238.4,1957401.55
11/26/2015,3229578.91,1668892.03,79184117.52,203949286.5,49576643.79,12587028.13,6890363.12,1560686.88,4.11,0.02,0.12,1795691.28,1220529.39,852402.6
11/27/2015,4203754.11,3755390.51,310992704.3,304028874.5,35053163.35,5644351.78,4694135.99,448363.6,8.67,0,0.08,249390.75,716467.49,345481.39
11/28/2015,7820614.99,2731440.81,302668064.6,200047734.8,81846387.75,3718335.55,4360566.45,5089174.19,2.44,0.02,1.37,728738.05,374223.7,445887.85
11/29/2015,1129541.4,864707.97,302297042.5,41980890.79,39362852.62,7718123.32,1246847.85,264833.43,1.07,0,0.03,571746.21,1403509.9,751288.91
11/30/2015,2044653.76,1490824.41,321569450,383960124.4,36944503.63,10371435.53,620211.17,553829.36,10.39,0,0.05,1977226.53,549665.06,1550574.01
12/1/2015,1414023.78,3574664.44,354410571.8,378235241.3,30925539.3,6952373.99,7727638.92,-2160640.66,12.23,-0.01,-0.31,839840.58,283427.43,2537283.98
12/2/2015,1366559.22,842588.87,412245049.9,318372026.4,21671108.04,2709350.31,3327396.25,523970.35,14.69,0,0.19,1491964.13,866588.36,2133750.69
12/3/2015,8699145.26,4330431.11,171419324.1,396704602.6,33081675.49,9792994.82,5024097.97,4368714.14,11.99,0.03,0.45,1400977.81,1418472.47,2388217.75
12/4/2015,7332920.73,2728159.37,421272234.6,226903286.5,41978777.36,13731242.59,1097863.05,4604761.36,5.41,0.01,0.34,502954.35,55553.92,1117829.31
12/5/2015,5267564.46,2662639.6,274215057,385851973.1,70659478.73,6981799.76,5623357.14,2604924.86,5.46,0.01,0.37,554095.59,395281.02,1273495.85
12/6/2015,1880507.45,3165835.03,84676225.61,48729915.43,15630835.8,4812326.11,7494250.32,-1285327.59,3.12,-0.02,-0.27,634440.67,1410749.08,1241677.47
12/7/2015,5424542.88,4211064.35,76347918.16,158958684.3,28945624.57,7753505.5,4817489.4,1213478.53,5.49,0.02,0.16,881141.83,298074.65,656432.23
12/8/2015,5261245.94,2065141.44,200407243.4,105644881.8,82812127.63,2628715.24,1445864.92,3196104.5,1.28,0.02,1.22,545217.62,214203,277528.31
12/9/2015,2558816.83,3551072.69,403203639.7,94416571.97,23222973.12,12666338.6,4862911.46,-992255.86,4.07,0,-0.08,137337.82,876771.46,1813656.67
12/10/2015,4904664.84,3045793.84,368456420.6,73505120.58,40838063.19,12742430.54,6247604.1,1858871.01,1.8,0.01,0.15,1770846.81,1299673.54,2968728.38
12/11/2015,4586542.61,1701627.22,404876734.1,256517183.8,87819302.97,9644006.02,3548124.02,2884915.39,2.92,0.01,0.3,1934658.68,741809.24,583806.14
12/12/2015,6542650.88,4453834.94,282771075.4,316902305.2,23943278,6590337.56,7098783.11,2088815.94,13.24,0.01,0.32,748983.74,1492118.17,235385.98
12/13/2015,6715842.86,4088417.1,248089549.1,239753391.8,17446315.21,12397183.74,5365122.15,2627425.76,13.74,0.01,0.21,743163.07,1034798.96,2360641.88
12/14/2015,1407736.09,3463033.26,116353637,75845829.64,53608419.56,9210931.32,7244366.89,-2055297.17,1.41,-0.02,-0.22,113474.44,157408.62,832499.42
12/15/2015,4371513.53,4327617.78,197686739.1,328227032.6,37217756.02,12737120.01,5176289.83,43895.75,8.82,0,0,1392476.31,1489606.59,2505967.04
12/16/2015,6632739.24,4402823.9,245308714.8,261662788.7,60706752.8,10208964.3,1484659.79,2229915.34,4.31,0.01,0.22,1668335.8,641446.64,2141416.33
12/17/2015,5528226.33,3687633.4,89870193.36,167502968.3,82342440.14,12197271.15,2822687.83,1840592.93,2.03,0.02,0.15,378555.77,466733.67,2842453.26
12/18/2015,8708408.57,4266559.98,149275378.7,276169512.3,22343363.93,9781318.91,2013462.11,4441848.59,12.36,0.03,0.45,403366.06,858924.82,1285888.98
12/19/2015,6928242.68,3638621.58,319201382.3,118763892.1,62262917.61,7383833.89,7316198.73,3289621.11,1.91,0.01,0.45,1601158.17,491246.01,2019712.53
12/20/2015,2466409.84,3560633.47,381048401.4,151173039.2,55495788.44,14453296.18,6203000.5,-1094223.63,2.72,0,-0.08,1270952.42,175363.39,1448078.86
12/21/2015,1635118.73,3283751.2,499256380.1,368644620.4,22967090.74,9034479.72,5572987.77,-1648632.48,16.05,0,-0.18,185235.06,52071.1,1928707.22
12/22/2015,6781773.5,3887224.88,469900999.1,130391712.2,66159863.7,9866163.74,2757247.4,2894548.63,1.97,0.01,0.29,1282839.28,701895.86,1403836.83
12/23/2015,1238601.79,1213722.97,339154339.8,198595541.9,34627637.61,4866339.31,1880335.79,24878.82,5.74,0,0.01,686943.67,1263451.96,647033.51
12/24/2015,6271980.23,4463918.42,239561624,358253632.2,53905088.67,10133460.26,6173383.16,1808061.82,6.65,0.01,0.18,800577.8,879857.02,1572902.51
12/25/2015,9462072.17,4423295.87,336279814.1,288934113.1,17404509.18,9430899.44,4056184.59,5038776.3,16.6,0.01,0.53,1562489.69,1498850.58,1632894.18
12/26/2015,6179267.6,631612.77,403543228.1,43637225.94,51362565.15,4402899.17,2193421.64,5547654.83,0.85,0.01,1.26,1640776.87,465927.64,2450751.16
12/27/2015,4493529.34,4216175.38,103251285.9,75975156.83,37581712.12,2774632.27,5124664.84,277353.96,2.02,0,0.1,860677.59,456659.84,2233010.05
12/28/2015,6789593.97,1079914.4,234457200.4,22979804.49,84014309.01,9856671.16,802503.89,5709679.56,0.27,0.02,0.58,1899590.58,281636.72,2024995.71
12/29/2015,5124276.01,2008034.84,427911028.5,259750280.3,15128085.43,11927999.5,2946276.91,3116241.17,17.17,0.01,0.26,872279.16,287892.2,428822.58
12/30/2015,5910551.1,3845787.15,222724828.4,190115901.7,47674654.74,8804217.82,4014177.46,2064763.95,3.99,0.01,0.23,1566488.47,463520.56,2189787.24
12/31/2015,9473183.28,1223419.53,307342522.1,71024443.34,51258828.17,4948044.13,1609687.51,8249763.75,1.39,0.03,1.67,1019366.8,1199618.07,1550884.95
1/1/2016,4474923.74,4180851.61,314496212.4,384014966,75250546.87,10664785.7,7884908.58,294072.13,5.1,0,0.03,1805311.42,1363347.35,2692888.65
1/2/2016,9650715.07,4244603.8,133014313.9,221270695.1,61685881.76,3041374.45,2068230.23,5406111.27,3.59,0.04,1.78,1824746.36,1463876.4,2767625.71
1/3/2016,9148155.78,2783604.8,213005948.7,111919451.8,70049110.35,7743838.16,1477648.48,6364550.98,1.6,0.03,0.82,266091.93,386820,259954.11
1/4/2016,2762120.21,528736.42,200530079.9,210229357,79934435.71,4123767.86,2026511.55,2233383.79,2.63,0.01,0.54,1879337.33,1327881.44,2479860.53
1/5/2016,1624251.71,1791671.6,61788518.84,278255726.4,87598267.63,4397967.66,6267958.5,-167419.89,3.18,0,-0.04,1668516.2,525969.88,209322.43
1/6/2016,1907002.01,3276171.13,60886293.75,48970902.83,38248794.71,4629821.34,3691292.44,-1369169.12,1.28,-0.02,-0.3,1603490.36,213618.79,1164791.91
1/7/2016,1163996.43,4915337.8,424263669.7,124387449.7,58422043.48,7027191.74,4740619.55,-3751341.37,2.13,-0.01,-0.53,481731.55,1311536.14,1672669.93
1/8/2016,1849986.65,3343160.87,172881864.5,326646886.5,85609727.06,2664952.67,657568.68,-1493174.22,3.82,-0.01,-0.56,1629726.5,972353.17,529492.32
1/9/2016,7147060.96,1669116.11,283135444.8,194672650.8,99050601.79,7171314.73,758234.81,5477944.85,1.97,0.02,0.76,1715252.2,288859.8,2264310.06
1/10/2016,1640697.84,3353025.66,184426508.1,227699314,90056737.99,8652196.81,3843691.62,-1712327.83,2.53,-0.01,-0.2,649385.64,673255.32,124228.64
1/11/2016,3870780.67,2929934.21,473305660.3,184470080.8,43432053.64,8282825.7,6624914.32,940846.46,4.25,0,0.11,1909294.15,466523.66,588937.24
1/12/2016,8603877.8,4009304.28,166683541.5,36681978.2,27564986.55,6976193.31,7139291.59,4594573.52,1.33,0.03,0.66,194734.28,1118352.12,1784310.81
1/13/2016,1209447.42,981412.87,243345565.7,82984916.33,54045328.37,12908905.9,1150299.26,228034.55,1.54,0,0.02,384827.58,707453.53,2171723.93
1/14/2016,8330216.34,3924625.56,442728612.7,189305822.7,76747730.67,3889247,4537723.27,4405590.78,2.47,0.01,1.13,1121404.16,1484455.92,2758265
1/15/2016,3536692.97,2935699.6,428870105.1,99490476.86,54331216.37,8574057.67,7349222.65,600993.37,1.83,0,0.07,1194005.7,129380.22,2145940.29
1/16/2016,2063483.45,4833464.02,133745638,38992030.89,53486277.7,2806538.42,3409795.66,-2769980.57,0.73,-0.02,-0.99,1325785.16,564772.14,2048159.88
1/17/2016,7270634.49,2038424.75,411189489.4,340586872.3,85440737.9,2925023.83,6721743.74,5232209.74,3.99,0.01,1.79,132241.35,748755.24,1243589.32
1/18/2016,6660485.62,3346798.52,256184099,392853161.1,42526340.12,9460256.05,1502717.41,3313687.1,9.24,0.01,0.35,1924696.87,779543.65,103724.83
1/19/2016,8897248.12,4694126.47,267335992.4,321394292.1,87381520.73,9358239.52,7515458.67,4203121.65,3.68,0.02,0.45,184717.38,508106.94,448461.85
1/20/2016,7615639.39,961293.78,110065987.6,344438270.3,46612432.09,13414435.67,6135674.88,6654345.62,7.39,0.06,0.5,371817.71,1107398.36,1650208.18
1/21/2016,8231328.37,4717528.19,86270681.19,111951309.5,39540979.51,9252357.78,7560007.95,3513800.18,2.83,0.04,0.38,126627.58,1318383.26,2057876.67
1/22/2016,3538311.15,3595485.75,377572688.1,385038250.7,50859092.01,14477283.27,5574629.25,-57174.6,7.57,0,0,1177031.02,1411142.99,1310600.02
1/23/2016,2596955.89,805266.77,273407518.6,94831767.69,78620226.28,2633033.03,3225529.49,1791689.13,1.21,0.01,0.68,1871307.08,1217385.4,2218969.13
1/24/2016,7755532.76,1854336.05,246582816.2,381543327.9,21340182.51,3274099.9,7536358.79,5901196.71,17.88,0.02,1.8,1365299.62,1283341.29,1613400.66
1/25/2016,8261512.65,3686774.4,378278702.9,398031331.7,27677729.43,2572856.2,2566750.82,4574738.25,14.38,0.01,1.78,1663049.19,848290.69,315110.97
1/26/2016,9914546.28,803077.71,394480804.6,290454666.2,95630034.31,4408599.05,2991293.92,9111468.57,3.04,0.02,2.07,125234.29,1247537.93,656847.13
1/27/2016,4713559.09,3119767.07,121508675.5,392834618.1,25794246.46,9036511.44,5756063.14,1593792.02,15.23,0.01,0.18,1129829.07,490080.67,2535994.85
1/28/2016,4348162.77,2056473.76,324601317.3,236425116.2,61095458.61,10392438.36,6239872.25,2291689.02,3.87,0.01,0.22,973169.66,627794.21,2202246.97
1/29/2016,7987716.65,3294119.83,110909337,118625877.6,62138302,2592607.05,7470526.13,4693596.82,1.91,0.04,1.81,1048039.09,509523.87,2694809.76
1/30/2016,4067231.86,705839.15,388118788.7,186058436.6,54066201.58,14297621.57,2036018.07,3361392.71,3.44,0.01,0.24,237205.05,727711.64,440916.02
1/31/2016,9376815.93,4421915.63,345629820.3,245553155.4,68027072.37,12948149.9,6484985.26,4954900.3,3.61,0.01,0.38,1400427.19,464090.44,2971645.35
2/1/2016,8725714.77,4880700.36,480476579.5,47770993.57,30684405.32,5855962.27,6039095.4,3845014.41,1.56,0.01,0.66,1056118.79,1444336.59,707279.47
2/2/2016,4860946.25,4859950.35,81031107.36,256490440.6,59739604.1,3003437.89,978459.17,995.9,4.29,0,0,1553782.81,503624.71,134161.64
2/3/2016,7757839.61,3873433.24,75674624.52,392847578,43495592.97,4208531.95,3404173.56,3884406.37,9.03,0.05,0.92,1022052.2,192164.58,2992526.52
2/4/2016,7790885.87,1085388.08,176984183.6,92240906.92,69550053.37,3650277.38,2620740.93,6705497.79,1.33,0.04,1.84,383825.11,813884.89,915114.27
2/5/2016,1928114.82,3912184.38,167767557.7,321186144.2,22710118.9,3602689.13,2783678.18,-1984069.56,14.14,-0.01,-0.55,1331688.21,132793.66,2037256.41
2/6/2016,9122976.16,610641.12,161140459.6,365001541.6,61378967.52,8741301.95,7872101.6,8512335.04,5.95,0.05,0.97,427534.09,210287.59,612378.71
2/7/2016,5547271.35,599555.98,457814561.2,378606605.3,26674331.98,5196016.75,5320830.6,4947715.37,14.19,0.01,0.95,1757549.67,368114.61,1782662.74
2/8/2016,8438117.19,1956245.99,162295789.9,384851529.7,35077875.68,6655816.31,5882571.18,6481871.21,10.97,0.04,0.97,1264920.85,723307.86,2721701.46
2/9/2016,3880446.41,2698894.36,172377376.8,218154662.7,29683882.03,14863569.33,7824632.28,1181552.05,7.35,0.01,0.08,398687.38,678213.85,1028525.39
2/10/2016,9059709.06,3966833.38,391729218.1,391377005,26455400.19,10896085.24,3329013.37,5092875.68,14.79,0.01,0.47,1928442.31,1209553.2,2043736.53
2/11/2016,4502815.11,3574829.19,252382929.1,307777878.7,84313985.64,14336748.67,6513801.26,927985.91,3.65,0,0.06,1084894.38,1122238.25,644920.41
2/12/2016,1097538.86,2506562.18,399519750.6,81435145.77,35713681.09,3853235.22,3758982.22,-1409023.32,2.28,0,-0.37,238507.06,668161.53,1911906.66
2/13/2016,9148437.79,1731320,79414770.9,201222040.5,93441140.37,6967813.17,7021502.54,7417117.79,2.15,0.09,1.06,1290982.52,533871.1,1075706.02
2/14/2016,1821580.09,4987060.25,269407037.2,292965846.6,97293387.28,9211513.44,1854931.56,-3165480.16,3.01,-0.01,-0.34,581077.92,508879.74,712503.95
2/15/2016,3873822.74,2417815.86,65126120.08,113989320,61413442.29,2997854.8,7607646.33,1456006.88,1.86,0.02,0.49,1627017.56,1172292.88,1008227.95
2/16/2016,9550557.7,2531241.61,78193941.55,263433769.8,22870101.04,2054436.77,2140787.81,7019316.09,11.52,0.09,3.42,1653861.94,125504.99,618639.1
2/17/2016,9555464.32,1236307.2,457896854,273308182,43709341.9,10715646.34,2946653.8,8319157.13,6.25,0.02,0.78,1959999.98,68591.39,2715556.71
2/18/2016,6160940.99,4076642.97,112660417,81825902.65,81795903.7,10343653.72,6171441.76,2084298.02,1,0.02,0.2,1053552.11,1203539.37,1251841.97
2/19/2016,6686534.91,3621570.02,289589307,234732418.7,43065165.58,7340254.53,3453163.56,3064964.89,5.45,0.01,0.42,964418.07,741862.25,811309.98
2/20/2016,5036009.7,1493463.26,234993021.2,313218226.2,17831549.65,8365372.99,5061585.33,3542546.44,17.57,0.02,0.42,1531603.65,239777.65,1400382.74
2/21/2016,3638896.95,870714.71,206304496.8,209580352.5,60110641.98,7400759.01,3834301.26,2768182.24,3.49,0.01,0.37,351694.25,391570.61,1029554.88
2/22/2016,3957980.91,3562246.86,454925005.6,24599184.37,86060876.63,2312065.58,6067774.53,395734.05,0.29,0,0.17,1139139.48,1402130.73,2258815.84
2/23/2016,7052666.1,3445300.46,59820528.55,23434618.25,81633374.84,6359830.88,2212484.39,3607365.64,0.29,0.06,0.57,1137870.44,1296279.31,2916537.74
2/24/2016,7771370.76,1729667.87,348705358.8,155671150.7,25761082.61,4302069.32,938434.9,6041702.89,6.04,0.02,1.4,269998.93,1079188.32,1370297.6
2/25/2016,8124211.39,4778886.03,483527495.4,371953746,70548815.3,3279514.46,2749470.48,3345325.36,5.27,0.01,1.02,894169.76,749226.58,2596996.86
2/26/2016,8106563.29,1179760.51,302075682.6,106897176.3,29845383.71,14437365.64,4057314.99,6926802.77,3.58,0.02,0.48,1721241.12,804469.26,1741002.91
2/27/2016,1820854.93,2445506.6,471570107.9,261058201.8,29638678.11,9791676.43,1760150.39,-624651.68,8.81,0,-0.06,1726691.88,1464104.58,555983.43
2/28/2016,5449782.74,4746271.64,73516045.68,104388830.9,88666459.6,11472531.7,3160979.67,703511.1,1.18,0.01,0.06,288551.56,1450367.14,2102805.95
2/29/2016,1518028.84,2388772.93,238456993.6,142234596.1,32470205.75,6099728.66,3499872.64,-870744.09,4.38,0,-0.14,272369.68,362140.12,1588960.04
3/1/2016,5945759.94,3373366.76,167071005.9,342255994.1,33692261.19,7110912.68,930438.83,2572393.18,10.16,0.02,0.36,599121.41,1226101.62,1986758.92
3/2/2016,4973774.51,2289174.79,378869434.2,296967348.1,10058805.17,5080011.92,4874804.36,2684599.72,29.52,0.01,0.53,1762055.52,336001.87,2680093.5
3/3/2016,8989337.64,1733968.41,491583690.7,56251725.38,88360213.07,3260553.72,7132575.71,7255369.23,0.64,0.01,2.23,344914.91,359629.34,1377260.25
3/4/2016,4158235.11,4927899.42,165438528.1,182906768,81333533.19,4327411.29,1638071.85,-769664.3,2.25,0,-0.18,1467993.92,1030334.9,2713415.11
3/5/2016,2053603.15,2342003.03,344378570.7,31084510.19,66459604.16,12367682.59,4983560.1,-288399.88,0.47,0,-0.02,292214.68,637251.59,2276940.14
3/6/2016,2286925.14,4523446.42,139143934.7,202738255.7,77523918.75,10808095.47,5485544.04,-2236521.28,2.62,-0.02,-0.21,1283961.92,1400739.39,1516954.29
3/7/2016,7853595.69,1534795.73,304398614.6,271724924.5,23684371.07,9110075.39,3645010.1,6318799.96,11.47,0.02,0.69,776527.87,179064.12,1849344.19
3/8/2016,6563962.57,1458971.17,258769619,65030996.97,51249123.51,8176168.35,5758231.91,5104991.4,1.27,0.02,0.62,1598936.53,791712.18,1044185.28
3/9/2016,1910104.09,640103.37,487402398.3,129776276.8,41609744.86,13991645.69,3580486.58,1270000.71,3.12,0,0.09,544011.85,1381856.22,2952432.17
3/10/2016,1756961.26,3432500.71,323837272.7,171177917.7,18439887.36,2945554.32,4284779.66,-1675539.46,9.28,-0.01,-0.57,1314483.48,1360964.81,2035318.37
3/11/2016,7308722.18,2158368.55,207277867.4,369421789.4,53751743.67,5647810.57,555147.83,5150353.64,6.87,0.02,0.91,547796.82,276967.36,227155.87
3/12/2016,1654867.06,4389612.12,101343103.2,397436905.9,92866568.53,6549192.1,5687900.86,-2734745.07,4.28,-0.03,-0.42,1455954.54,581624.67,1047203.53
3/13/2016,8396740.53,2629444.58,118061072.9,37066293.62,13605320.71,12171535.56,5460070.09,5767295.95,2.72,0.05,0.47,1759988.27,947726.03,1907611.86
3/14/2016,7356180.04,4856870.43,151392618.5,309183010.9,36231482.21,14902690.06,788006.58,2499309.62,8.53,0.02,0.17,340923.42,281122.58,263366.51
3/15/2016,1732139.03,1334864.82,162934997.6,161255145.2,28678684.26,5128716.69,3261875.81,397274.21,5.62,0,0.08,1746531.81,1453632.15,169264.15
3/16/2016,1763539.43,4408804.26,432777226,169134110.8,31433198.83,13365995.34,7842738.81,-2645264.83,5.38,-0.01,-0.2,1227792.98,1376386.53,1405070.29
3/17/2016,9879756.21,3994685.84,302550254.7,306620689.9,91759109.67,12798095.89,3655524.22,5885070.37,3.34,0.02,0.46,341509.93,292077.76,1064801.52
3/18/2016,4368437.16,3969148.3,285525910.1,369002044.2,52126214.88,4920546.17,4264590.54,399288.86,7.08,0,0.08,912329.53,225675.42,1371065.96
3/19/2016,4335779.32,4301524.53,101645992.3,381352865.9,51966947.16,7191323.54,7324476.19,34254.8,7.34,0,0,405634.56,173842.3,861810.6
3/20/2016,8315196.11,3924607.96,437062862,239306582.7,78451807.82,7325747.3,5879464.07,4390588.15,3.05,0.01,0.6,1430660.99,1368693.31,577681.47
3/21/2016,9525237.2,3317991.45,375266436.4,155706040.5,23904298.36,14716868.69,4865525.98,6207245.75,6.51,0.02,0.42,1541849.46,330754.52,2098515.74
3/22/2016,9874009.57,1090601.95,80450762.86,319268652.6,53853881.87,4351594.72,6483535.11,8783407.62,5.93,0.11,2.02,301013.39,653613.15,1592256.24
3/23/2016,7780403.67,646367.81,368525793.8,115380525.6,48698669.27,12389053.62,6982747,7134035.86,2.37,0.02,0.58,1061665.72,700834.48,680447.21
3/24/2016,4386336.27,4643815.32,294592197.8,234348131,63721962.15,6344505.28,3926660.54,-257479.05,3.68,0,-0.04,1647787.61,918566.01,1026809.34
3/25/2016,1751506.45,3274926.42,86776405.59,156259815.4,99960193.29,11501314.5,4063312.74,-1523419.97,1.56,-0.02,-0.13,1878709.78,154016.25,1816242.93
3/26/2016,7994322.24,4084417.81,256235288.7,269519808,79250400.47,7460143.06,3395382.02,3909904.43,3.4,0.02,0.52,1075683.95,378800,309465.11
3/27/2016,6025638.25,2666850.58,268113329.2,111351586.9,45807913.27,9518676.92,7750296.05,3358787.67,2.43,0.01,0.35,1905530.52,1400661.06,527613.73
3/28/2016,4817998.08,1027886.85,124598543.1,92805319.38,84479774.7,12823953.05,5728746.91,3790111.23,1.1,0.03,0.3,1117809.04,1367194.66,312412.25
3/29/2016,9157189.47,1063336.06,475564166.2,368930852.9,25363752.7,12454152.34,1124173,8093853.4,14.55,0.02,0.65,848961.94,1182871.44,2455720.26
3/30/2016,2000777.34,3585043.79,432488917.2,58685399.52,12741731.77,13263501.39,6972197.17,-1584266.45,4.61,0,-0.12,1711585.94,78131.81,2281986.78
3/31/2016,5433625.94,2436376.53,351060051.8,212264004.9,28400353.52,2775025.23,4104199.56,2997249.41,7.47,0.01,1.08,1036667.15,524159.81,2284607.5
4/1/2016,1102182.8,1402361.27,258033002.5,103924057.5,40637040.05,10996657.19,1015654.3,-300178.47,2.56,0,-0.03,996614.77,960540.17,2177343.5
4/2/2016,5217945.78,2712175.46,235294493.7,34793386.06,55952268.17,3819835.9,4622879.41,2505770.32,0.62,0.01,0.66,1031593.73,449025.81,2041217.73
4/3/2016,1506729.48,788940.22,342938060.2,33687150.95,65361622.65,7405641.38,3628732.09,717789.26,0.52,0,0.1,1708891.5,1368900.71,1483276.55
4/4/2016,2069361.25,3118871.31,295444341.2,86584273.4,91954514.55,9131649.4,7083120.54,-1049510.06,0.94,0,-0.11,1680688.93,969139.72,1962606.67
4/5/2016,2057736.22,1710470.32,78022897.65,349372734.7,55886860.86,7235613.3,2029959.53,347265.9,6.25,0,0.05,866687.99,154264.74,211248.51
4/6/2016,6842892.72,4089015.95,280626192,127341922.7,55114808.02,8754951.79,6698484.57,2753876.77,2.31,0.01,0.31,733269.73,1368058.1,1902246.83
4/7/2016,7714403.91,1896628.82,412881627.8,381174484.8,14521870.88,14954842.01,4682665.18,5817775.1,26.25,0.01,0.39,1034663.25,1438761.65,2355845.35
4/8/2016,6250318.89,2548490.67,256657944.9,241016471.3,13142039.74,3757825.08,909577.27,3701828.22,18.34,0.01,0.99,1188267.77,162683.01,1551039.25
4/9/2016,9659552.94,552292.43,73380459.9,185913392.1,59604396.57,10780928.59,7788839.76,9107260.51,3.12,0.12,0.84,552840.7,821922.34,1136788.65
4/10/2016,4373835.22,826011,403825189.7,240433757.2,49436075.19,7148012.56,4344614.33,3547824.22,4.86,0.01,0.5,1608514.66,489878.21,904537.53
4/11/2016,3571408.78,2266221,140613702,216345386.4,85526235.55,3729127.39,2681576.41,1305187.77,2.53,0.01,0.35,1024317.25,619616.66,1964125.95
4/12/2016,8817392.15,2659724.76,166379375.7,308334976.4,24461162.62,4063577.92,4020551.31,6157667.4,12.61,0.04,1.52,734686.54,310494.27,2109123.48
4/13/2016,3012362.55,3200092.47,124117859,127348505.1,12247449.59,14340550.38,6933933.38,-187729.92,10.4,0,-0.01,302959.89,888204.55,2625806.04
4/14/2016,9669002.85,1812481.6,198596779.2,154159148.8,50413489.11,13434819.46,2786773.43,7856521.25,3.06,0.04,0.58,553805.8,1439070.06,1092768.84
4/15/2016,1109390.27,3627418.49,390538177.6,359755835,31373070.11,13791545.49,1945072.97,-2518028.22,11.47,-0.01,-0.18,1903634.23,779455.27,2332339.69
4/16/2016,9728909.44,4370550.79,283723636.8,379653475,14465293.6,14889926.09,1468034.35,5358358.65,26.25,0.02,0.36,679689.4,170226.14,1727931.89
4/17/2016,1388439.21,4009329.45,142196573.4,359172126.4,75213845.82,4708100.07,2733945.49,-2620890.24,4.78,-0.02,-0.56,420832.65,949001.93,2660225.82
4/18/2016,9020288.02,678284.71,445023535.2,179390237.7,20043370,6620711.39,6350360.65,8342003.31,8.95,0.02,1.26,975278.3,543323.34,1630655.11
4/19/2016,5749309.98,2662281.26,445811834.7,316538891.1,64748755,10699847.39,4037197.74,3087028.72,4.89,0.01,0.29,683466.71,1291091.52,1601126.5
4/20/2016,9936683.17,972185.8,441760291.3,201007578.7,35294477.52,8289433.02,2206112.03,8964497.36,5.7,0.02,1.08,166802.58,680283.32,1775843.54
4/21/2016,1664169.08,1589202.57,157458295.1,209065143.8,25614644.53,7439063.93,1746387.5,74966.51,8.16,0,0.01,713975.91,329617.43,2273014.53
4/22/2016,5984688.56,4939981.67,253057704.9,97778441.44,44177637.06,6651546.24,2995471.07,1044706.89,2.21,0,0.16,1133806.39,327103.15,2897602.39
4/23/2016,9723722.82,1141229.94,493245345.3,244629515.2,82130119.86,9719148.22,7549432.8,8582492.88,2.98,0.02,0.88,1148253.51,1164708.06,313333.73
4/24/2016,5707880.6,2744996.69,397405614.3,90731641.15,45288421.92,9482714.57,3072700.34,2962883.91,2,0.01,0.31,777461.95,435102.02,254960.35
4/25/2016,6664587.74,3281700.8,62225339.55,145994585.7,77569268.43,4098951.84,7910930.57,3382886.94,1.88,0.05,0.83,949875.24,1162488.42,2818895.98
4/26/2016,7261738.2,3661092.37,79342066.07,344911476.6,21293766.71,8132617.89,4139228.42,3600645.83,16.2,0.05,0.44,1934484.04,348536.6,1636639.31
4/27/2016,5090869.58,3018419.08,258769119.6,98688807.5,79549427.77,9195133.09,1843729.39,2072450.51,1.24,0.01,0.23,816962.11,516445.23,1883218.74
4/28/2016,6648022.72,543968.81,459149092.6,47040148.37,31323999.24,9413730.2,7183550.69,6104053.91,1.5,0.01,0.65,590630.95,724956.11,1499028.44
4/29/2016,6258828.81,1969075.89,292415809.1,46222885.19,70965381.69,4731393.51,3952665.3,4289752.92,0.65,0.01,0.91,562587.38,1417633.98,371606.61
4/30/2016,9110422.09,2829702.4,274015628.6,377498117.8,60920339.94,11649528.1,5822535.08,6280719.7,6.2,0.02,0.54,969752.76,1401010.57,2327459.2
5/1/2016,1409017.42,895399.25,97463164.98,212629766.4,93623024.55,2327588.23,7877836.87,513618.18,2.27,0.01,0.22,1543088.28,349964.22,2266951.47
5/2/2016,3528668.71,2077821.19,345551047.1,175576587.3,44859026.62,6612814.12,876315.13,1450847.52,3.91,0,0.22,491377.55,569417.61,1003939.63
5/3/2016,9553703.36,649413.99,419946422.3,328133860.8,15954867,12142764.43,1225209.2,8904289.37,20.57,0.02,0.73,1447662.64,266629.11,988093.81
5/4/2016,9012374.06,853603.24,221189003.4,337613852.6,11723993.7,9330607.97,5903425.56,8158770.82,28.8,0.04,0.87,140184.66,789478.37,2529740
5/5/2016,5100910.78,2286154.74,399025332.9,146232592.6,84417270.49,5395111.62,2613687.52,2814756.03,1.73,0.01,0.52,895972.66,717844.7,309836.05
5/6/2016,6581193.38,1097220.89,484014494.3,283574861.8,57226207.39,11034390.55,1882260.48,5483972.49,4.96,0.01,0.5,1574143.62,1356102.24,2655204.93
5/7/2016,3496430.65,3053933.82,141694906.6,313026670,79771964.67,9376082.27,795214.1,442496.83,3.92,0,0.05,743592.62,1398507.8,844318.9
5/8/2016,2693090.44,3602592.36,285498334,268767261,31098304,12351166.92,663850.34,-909501.92,8.64,0,-0.07,1171100.49,606172.72,1819655.77
5/9/2016,5173285.64,4102640.15,179212081.1,77606128.42,41057537.1,11555327.42,6308642.02,1070645.5,1.89,0.01,0.09,489460.54,763020.02,2814383.12
5/10/2016,4180170.05,1400676.1,406784488.6,352835571.7,12709348.5,9931402.99,1508250.71,2779493.95,27.76,0.01,0.28,1509791.24,1349542.56,2066555.25
5/11/2016,6252905.01,1253671.62,309917014.7,224855930,96534309.21,8346309.78,4007904.62,4999233.39,2.33,0.02,0.6,199330.3,1219726.32,1301846.46
5/12/2016,1699611.73,970555.28,335562087.9,127339522,70108111.6,3731367.63,5044226.11,729056.45,1.82,0,0.2,1719831.03,55301.65,2099649.21
5/13/2016,9769553.27,3363936.12,409061371.8,181586710.5,93988457.9,5397329.23,3712638.5,6405617.15,1.93,0.02,1.19,476573.13,514086.37,1097540.95
5/14/2016,9875896.7,3679140.77,228186712.7,34277014.35,33894676.67,7448293.15,703299.89,6196755.93,1.01,0.03,0.83,1761356.26,661572.65,904049.41
5/15/2016,7283455.43,642137.65,461790530.8,68589384.46,65031725.01,9790890.73,6376261.27,6641317.77,1.05,0.01,0.68,769805.56,383088.61,2990381.51
5/16/2016,5824867.3,4712955.11,289862990.3,310907765.2,71064997.15,8678202.12,578849.18,1111912.19,4.37,0,0.13,1473098.79,339378.84,2277291.67
5/17/2016,3785748.55,733870.78,121079670.3,20004421.21,38579473.02,5746398.84,6214174.21,3051877.77,0.52,0.03,0.53,706528.07,104787.53,1969687.93
5/18/2016,8324155.18,2935833.51,363154603.2,178295014.8,86329831.15,2084036.65,7199783.7,5388321.67,2.07,0.01,2.59,1821232.18,982886.1,1130339.97
5/19/2016,7162580.55,3690772.34,406967607.7,218553868.8,95244531.66,8451109.88,3746299.41,3471808.22,2.29,0.01,0.41,340610.54,430639.92,242566.4
5/20/2016,2463552.45,4419361.06,192542754.7,40761079.6,89636960.59,5713137.85,4516568.55,-1955808.6,0.45,-0.01,-0.34,439187.6,125903.41,190064.94
5/21/2016,9198344.66,3713391.19,435730665.7,389769701.9,76516027.83,11549907.91,4077375.44,5484953.47,5.09,0.01,0.47,1036757.24,384920,1707125.64
5/22/2016,8402835.19,4107776.37,457764464.6,105927625.9,34971821.18,2311301.45,3419064.64,4295058.81,3.03,0.01,1.86,255683.03,1212775.23,2309894.89
5/23/2016,9548199.22,2027525.87,174607019.3,135595513.5,35345443.79,9602761.55,7155684.02,7520673.35,3.84,0.04,0.78,472362.35,1284659.31,1658399.65
5/24/2016,7531475.58,4166713.01,492584662.7,135498154.7,96702428.84,14239165.09,7204501.33,3364762.56,1.4,0.01,0.24,1893156.13,750446.06,2538276.71
5/25/2016,6520736.76,860516.81,113320187.6,107558331.6,10925604.63,4267320.47,3018622.73,5660219.95,9.84,0.05,1.33,1955330.36,653302.47,196936.95
5/26/2016,4764187.33,4526674.95,140907050.8,20560052.39,74444497.59,8131443.38,5113023.16,237512.37,0.28,0,0.03,814892.73,1467887.86,1163581.02
5/27/2016,9394556.35,2964165.69,132901177.7,297151021.8,73562154.63,3188485.89,7451806.72,6430390.66,4.04,0.05,2.02,1854243.44,340818.76,787504.13
5/28/2016,8794575.01,4177839.96,452295369.5,387401289.9,66042058.69,10133864.86,7715438.74,4616735.04,5.87,0.01,0.46,1135166.88,362270.96,1397091.61
5/29/2016,1406968.03,2535432.28,344431648.6,105231523.7,99109796.15,9156911.85,4317192.8,-1128464.25,1.06,0,-0.12,612510.69,473207.41,309891.54
5/30/2016,1237302.77,3396099.63,118446927.5,271957932.9,38069149.22,7295751.81,3896186.04,-2158796.86,7.14,-0.02,-0.3,1434557.57,300498.11,2866981.76
5/31/2016,4388170.3,2868811.97,248145538.3,301920604.2,40597467.74,8777901.28,2590207.37,1519358.33,7.44,0.01,0.17,1351913.43,600080.12,747440.66
6/1/2016,8294979.98,3792152.85,326884111.3,342401644.1,17104546.27,13655470.56,7691539.05,4502827.13,20.02,0.01,0.33,1979338.11,1370709.63,2774692.55
6/2/2016,9885485.16,867334.92,87558838.25,180599094.9,49851832.29,4551825.93,1571107.28,9018150.24,3.62,0.1,1.98,603589.85,942254.37,1335090.15
6/3/2016,2353752.02,771584.38,447087365.8,135113744.1,33494367.36,2293338.65,4848721.82,1582167.64,4.03,0,0.69,1376913.06,647322.5,2958019.99
6/4/2016,6347176.44,1611964.55,411621591,143612150.9,40904803.2,13201643.5,2619127.01,4735211.89,3.51,0.01,0.36,198845.13,1404895.65,1706769.31
6/5/2016,4428017.71,1217951.06,277343048.1,290796106.6,85111461.12,9502522.07,2592562.18,3210066.65,3.42,0.01,0.34,315927.47,120273.14,2799415.31
6/6/2016,9729229.58,4423026.05,485206976.9,330376197.3,94193606.22,13578559.92,3537264.41,5306203.53,3.51,0.01,0.39,107444.91,354900.46,115512.07
6/7/2016,8579070.31,1486462.94,237992440.7,89013307.75,26715976.48,9760287.9,7990947.02,7092607.37,3.33,0.03,0.73,1998975.29,870538.48,2269892.54
6/8/2016,8544958.34,4891393.65,492849643.6,160957583.1,43525803.84,12532094.17,912247.3,3653564.69,3.7,0.01,0.29,1624320.02,942551.3,2718846.89
6/9/2016,5218238.44,2016031.06,350563999.5,362737274.8,93576750.59,7585753.72,4839063.64,3202207.38,3.88,0.01,0.42,1594773.73,107358.38,505189.64
6/10/2016,4733375.52,1319530.62,335602073,326543537.5,15562761.46,11748179.11,1119291.19,3413844.9,20.98,0.01,0.29,1068479.54,634406.2,378764.97
6/11/2016,3460663.65,4053643.28,124679702.9,394246193.1,18312447.53,13869539.07,1658906.22,-592979.63,21.53,0,-0.04,670127.46,991273.25,1331260.56
6/12/2016,1507379.47,3464184.99,446867491.2,306614338.7,24651189.03,9437598.53,3796722.06,-1956805.52,12.44,0,-0.21,387402.14,1062202.29,2807668.83
6/13/2016,8782501.39,2741880.72,242370359.6,169414176.4,63569155.07,4350206.96,4328450.99,6040620.66,2.67,0.02,1.39,640882,975302.86,1672921.02
6/14/2016,8316109.08,2999135.98,123005032.6,244442376.9,23542504.39,5494369,2440943.06,5316973.1,10.38,0.04,0.97,814345.32,514816.68,1629623.74
6/15/2016,9997459.06,3736408,55673383.99,271185416.6,97126874.33,4582379.5,2873428.48,6261051.06,2.79,0.11,1.37,1536989.18,185604.18,509265.74
6/16/2016,9969731.53,1528046.34,301890057.6,49813210.2,50204307.45,5209141.36,1152252.65,8441685.2,0.99,0.03,1.62,1125357.4,669313.05,102289.58
6/17/2016,5998885.35,4983502.62,287329830,226908844.5,55136616.43,5983400.84,2774148.38,1015382.73,4.12,0,0.17,247218.89,236693.93,2449406.26
6/18/2016,7920886.74,4886569.23,373709130.1,289541914.8,32199275.42,9216739.23,7749188.3,3034317.51,8.99,0.01,0.33,134255.12,1424054.3,353966.23
6/19/2016,9502891.57,3426465.59,450616123.9,83582095.52,52386422.72,9643891.18,7585305.36,6076425.98,1.6,0.01,0.63,294431.14,738997.76,1938164.47
6/20/2016,8646826.52,1397941.03,85732963.09,316640052.6,69572226.94,7544496.71,3011587.18,7248885.49,4.55,0.08,0.96,879947.56,510025.8,2752387.72
6/21/2016,3226132.92,3561027.09,379173420.7,241833656.6,77605942.33,10000470.14,4781404.52,-334894.18,3.12,0,-0.03,1873066.54,1161140.9,705090.55
6/22/2016,5054897.22,824892.84,134335374.8,381844278.6,77848127.44,3060474.03,7321965.43,4230004.38,4.9,0.03,1.38,1311064.71,772025.46,2029291.23
6/23/2016,2162434.74,637936.26,436179673.9,36120473.32,62010200.14,3141247.08,546378.67,1524498.48,0.58,0,0.49,1623469.21,499549.33,328225.87
6/24/2016,9586459.25,1659573,418578581.2,120823932.3,91392379.75,4233782.98,6580126.78,7926886.25,1.32,0.02,1.87,986111.73,1227353.23,1850889.92
6/25/2016,6455571.71,2581803.31,293357189.7,248590474.1,83566706.26,8735007.47,7612771.65,3873768.4,2.97,0.01,0.44,787165.56,1307370.62,575401.99
6/26/2016,3057785.25,4407226.27,369609259.4,132692766.6,78134330.32,4781930.82,1184943.01,-1349441.02,1.7,0,-0.28,305960.71,1025861.84,2234265.33
6/27/2016,7045306.16,3772260.81,191457550.9,291481182.4,15004496.95,5682697.25,1710857.65,3273045.35,19.43,0.02,0.58,1764272.74,118098.41,973570.75
6/28/2016,6563154.16,3842179.35,262025554.5,308422007.4,10619016.6,7204066.87,7705597.27,2720974.82,29.04,0.01,0.38,1588004.06,871168.18,1443833.93
6/29/2016,4223464.46,2414720.01,419736604,58956066.35,29120254.95,12554259.61,4531551.08,1808744.46,2.02,0,0.14,419424.39,1156777.62,1838348.57
6/30/2016,2022018.33,2056707.47,256669338.7,215264696.4,69717123.45,2180207.77,606474.76,-34689.14,3.09,0,-0.02,1073295.07,247929.37,596692.89
7/1/2016,7044158.76,2169674.43,211009219.4,213378411.1,47007774,10441924.66,2432239.99,4874484.33,4.54,0.02,0.47,1026012.14,381572.59,2250749.67
7/2/2016,5682769.31,4944423.04,272395601.3,160326692.7,46216563.34,10695394.9,3874577.56,738346.27,3.47,0,0.07,1287673.95,1329617.9,977656.99
7/3/2016,7950865.53,680491.36,422712163.6,374511447.8,89612819.94,12382525.14,5696816.83,7270374.16,4.18,0.02,0.59,1897755.1,79176.5,2020878.39
7/4/2016,5681471.51,4401641.73,200843621.3,334452401.6,90600656.33,14125788.21,5998702.84,1279829.78,3.69,0.01,0.09,1201565.74,1141454.35,559020.85
7/5/2016,8669633.5,3104039.34,128192716.9,284939565.1,91825773.76,2261792.04,7965661.35,5565594.16,3.1,0.04,2.46,1126412.81,736971.27,2095541.21
7/6/2016,5967161.55,2473769.39,370406309.2,291444121.6,38249026.89,3999188.17,2656334,3493392.16,7.62,0.01,0.87,195613.57,697819.63,471745.41
7/7/2016,6048441.74,3763659.47,421690195.7,195452134.7,72195023.15,13520226.82,4536650.76,2284782.27,2.71,0.01,0.17,219524.2,60289.97,1333533.84
7/8/2016,8889882.42,2690010.24,95286865.34,369977918,34446986.31,7960741.31,4499926.61,6199872.19,10.74,0.07,0.78,455958.9,1238127.43,816897.61
7/9/2016,4631345.8,4430404.57,157943350.7,283946262.4,27154884.98,9339678.31,3542339.45,200941.22,10.46,0,0.02,161694.47,571746.11,2270288.22
7/10/2016,2206137.06,4553158.39,113887395.4,297012803.4,26616921.16,10619353.65,1768714.2,-2347021.33,11.16,-0.02,-0.22,1512370.5,834110.17,859901.51
7/11/2016,1259044.09,2397744.17,206573635.2,347442543.4,40789685.88,10827865.86,7830924.22,-1138700.08,8.52,-0.01,-0.11,1474327.58,1032086,2656980.19
7/12/2016,7796235.3,1745725.09,252657940.5,124147204,48696185.78,14112625.24,6899878.9,6050510.21,2.55,0.02,0.43,358506.85,1068812.89,2686278.61
7/13/2016,6582785.96,3165576.48,386971851.6,326686943.5,84785425.39,14960342.43,4237497.71,3417209.48,3.85,0.01,0.23,1688549.91,1436171.09,669679.81
7/14/2016,7336717.91,4605635.06,343016413.2,94191429.12,20790198.41,11362046.99,5024340.67,2731082.86,4.53,0.01,0.24,394093.47,820442.93,1880153.24
7/15/2016,2916677.45,1447979.85,329417855.4,151229941.9,76143326.27,5733875.72,2204457.9,1468697.6,1.99,0,0.26,672233.62,629593.35,354381.16
7/16/2016,2227343.28,3303349.63,208568726,147531972.6,57830942.28,13436781.23,4578403.03,-1076006.35,2.55,-0.01,-0.08,573056.11,1432870.26,1235457.59
7/17/2016,1130901.99,3342020.99,428651398.9,391839678,35915080.84,2639871.89,5712276,-2211119,10.91,-0.01,-0.84,807383.49,981059.84,2168633.02
7/18/2016,4155288.03,3799008.6,262079225.3,345484145,54353762.61,5004051.09,4363752.71,356279.43,6.36,0,0.07,583861.16,482318.02,2012327.42
7/19/2016,6309259.18,1092054.58,490597222.1,286444547.4,36994786.28,13666014.33,7927138.78,5217204.6,7.74,0.01,0.38,1029006.76,233373.16,1911631.94
7/20/2016,4530196.41,3721212.34,335363962.2,296281569.4,63647375.97,5330489.69,5085062.42,808984.06,4.66,0,0.15,874074.97,1271704.03,919368.5
7/21/2016,4937274.3,4590646.34,106819133.7,233587661.9,49045953.06,4868463.78,3282302.84,346627.96,4.76,0,0.07,1974482.03,575163.32,1196272.35
7/22/2016,9137428.25,1308573.99,354279902.9,379894453.5,24796497.62,3795628.81,6291140.21,7828854.26,15.32,0.02,2.06,206260.07,1007681.1,398543.82
7/23/2016,4134299.2,1568944.96,196296806.9,208578326.1,20492476.71,13168452.85,1778468.84,2565354.24,10.18,0.01,0.19,370144.62,732683.81,2185166.18
7/24/2016,5625905.4,4871277.92,358847238.5,164596729.8,59202611.39,8500757.37,3383868.6,754627.48,2.78,0,0.09,200369.2,338448.18,1561277.51
7/25/2016,8052877.11,1314396.29,81338516.67,81953428.03,91217173,10773611.64,3102192.13,6738480.83,0.9,0.08,0.63,1289098.27,922445.58,2155420.33
7/26/2016,4568885.04,4344732.92,128696646.7,318758147.9,40956191.79,5107862.99,3738553.21,224152.12,7.78,0,0.04,203567.63,137990.45,821936.22
7/27/2016,6598780.3,2715250.35,435081766.5,299088694.2,75970009.65,11854525.47,6363348.69,3883529.95,3.94,0.01,0.33,1689235.5,649346.57,1040870.86
7/28/2016,8761273.38,1612539.83,152230800.7,166054914.6,69279521.94,11880072.08,4131297.74,7148733.54,2.4,0.05,0.6,1072683.4,842591.66,1069224.48
7/29/2016,9545685.61,4418374.56,426668506.4,29573497.3,93839942.29,6063774.32,6455108.38,5127311.06,0.32,0.01,0.85,1101314.49,682268.11,174652.99
7/30/2016,2323661.33,2503873.65,175674239.8,338818984.5,83888291.56,7338874.23,4823666.77,-180212.32,4.04,0,-0.02,1167029.56,1135574.65,1089038.83
7/31/2016,9339288.63,2816678.09,339296859.5,24338833.71,60994473.3,4725973.61,3065520.76,6522610.53,0.4,0.02,1.38,424546.04,1250491.18,2429583.26
8/1/2016,5429046.64,2116550.16,362367758.1,287405916.3,69132744.84,14695293.3,6574840.58,3312496.48,4.16,0.01,0.23,475611.58,1168302.46,2702165.64
8/2/2016,3324199.49,3168278.83,280694638.9,388697701.7,90854781.99,10392833.5,2287172.53,155920.66,4.28,0,0.02,705752.91,106278.77,1602833.12
8/3/2016,5132221.81,1235857.43,187389804.5,186311304.7,45956690.61,14149070.45,2182872.35,3896364.38,4.05,0.02,0.28,1227643.19,331486.72,1420954.92
8/4/2016,9820293.18,2259866.91,145689969.4,109289893.9,39411523.53,5944012.07,4283771.93,7560426.26,2.77,0.05,1.27,499223.77,828080.89,189391.39
8/5/2016,5433562.85,4862355.45,64935209.55,287850983.8,10972997.53,12164581.87,2456369.34,571207.4,26.23,0.01,0.05,321030.28,1405491.96,2649692.58
8/6/2016,3958764.49,1661600.45,186775880.6,330508694,84389596.68,11956162.37,568152.76,2297164.05,3.92,0.01,0.19,1943222.08,1260687.32,137729.62
8/7/2016,6700607.69,3455314.99,343923255.7,227643520.1,82088263.04,10991523.47,5362231.45,3245292.7,2.77,0.01,0.3,141765.45,1271675.04,2839775.23
8/8/2016,3161310.57,1963355.29,472237168.3,387473404.6,19400906.63,14553306.68,4333203.66,1197955.28,19.97,0,0.08,1625125.07,489651.88,1518727.12
8/9/2016,1682769.95,3980629.07,442042017,39634114.23,61917164.3,7116219.37,3841383.61,-2297859.11,0.64,-0.01,-0.32,1597266.78,672699.45,1091610.03
8/10/2016,2159917.5,1088931.47,394729149.4,211822327.4,51758352.84,3699325.21,7752263.86,1070986.02,4.09,0,0.29,664706.82,732523.62,2780233.46
8/11/2016,2152412.55,4864194.7,404801304.5,293012500,20683818.6,10732215.17,4783993.88,-2711782.15,14.17,-0.01,-0.25,357690.57,278188.8,170733.88
8/12/2016,2367124.24,2542052.94,349243206.6,347803379,98251140.44,11481027.41,6975736.83,-174928.69,3.54,0,-0.02,376694.43,95048.79,1786132.2
8/13/2016,2249444.55,1562227.09,167129085.9,88117132.52,29322629.87,9475787.45,1545876.77,687217.47,3.01,0,0.07,1425120.07,1423009.2,1691904.32
8/14/2016,6767872.7,830735.36,458237763.8,324001323.1,16051076.21,4688632.61,4769048.47,5937137.34,20.19,0.01,1.27,1321332.52,399033.25,736029.16
8/15/2016,2636920.76,1263910.57,351829540.4,230028688.8,63536264.16,8557927.24,7009847.2,1373010.19,3.62,0,0.16,1587216.78,397925.91,1343773.55
8/16/2016,4111005.55,2838982.77,302198283.9,170690399.2,76498000.94,6058466.58,4873293.18,1272022.78,2.23,0,0.21,1881214.23,170899.63,1991565.62
8/17/2016,9071095.69,2016514.29,99945261.15,70051710.86,12919910.14,7557064.87,5885106.34,7054581.4,5.42,0.07,0.93,1414661.99,1396336.24,2208680.47
8/18/2016,5265654.76,4229975.15,251174994.7,348812388.4,69284587.49,10387841.49,3290326.76,1035679.62,5.03,0,0.1,396117.92,890618.82,102078.89
8/19/2016,7008019.65,2438993.86,257161222,79763819.11,57906268.84,11687791.65,1193371.38,4569025.79,1.38,0.02,0.39,562540.97,1017203.44,2816874.95
8/20/2016,2550878.84,1619214.23,439053624.3,137719386.5,19293850.8,5018920.98,3934252.21,931664.61,7.14,0,0.19,1700168.09,1371786.49,577123.58
8/21/2016,2730601.17,3277152.44,295991699.1,130217302.2,25527148.93,7269229.69,3458595.43,-546551.27,5.1,0,-0.08,497681.54,551149.24,777383.26
8/22/2016,1367817.55,3680497.48,221180247,351137333,61117686.76,5499100.42,7002951.37,-2312679.93,5.75,-0.01,-0.42,237792.4,951185.6,864072.99
8/23/2016,2520415.57,1251688.59,489560147.8,275627137.8,36672185.22,4582210.98,2329964.77,1268726.98,7.52,0,0.28,1436232.1,106259.21,209678.4
8/24/2016,3507313.05,1254286.47,99824267,322738930.9,94448415.58,12184033.86,7750506.71,2253026.58,3.42,0.02,0.18,864800.08,320820.17,456851.16
8/25/2016,2593094.36,665021.42,240146792.7,115177801.5,83686620.65,13820285.03,7686035.9,1928072.94,1.38,0.01,0.14,1848076.1,1255306.42,2960414.78
8/26/2016,1798322.8,3813809.07,68911103.83,257452157.9,98521048.59,6813018.41,2357237.32,-2015486.26,2.61,-0.03,-0.3,1335484.64,1161814.12,1014128.54
8/27/2016,2085722.84,3487120.37,382956854.4,237263473.6,33370375.51,11766626.02,3110389.67,-1401397.53,7.11,0,-0.12,271796.06,558431.9,434373.16
8/28/2016,5147008.91,2635838.94,463134448.5,336475543.2,97275126.95,13660938.76,7216668.06,2511169.97,3.46,0.01,0.18,1900927.48,596375.41,410274.66
8/29/2016,2857003.47,4298767.02,176016798.3,364313083,48811048.28,12999614.74,7749666.66,-1441763.55,7.46,-0.01,-0.11,591258.8,823653.93,2186433.91
8/30/2016,4278428.75,4125515.69,436253754.6,24619573.16,41276691.58,4376574.05,3825793.27,152913.06,0.6,0,0.03,740703.73,50349.46,2578249.13
8/31/2016,5530755.44,3134094.64,181498203.7,276127569.2,14531457.43,14431794.46,2907477.84,2396660.8,19,0.01,0.17,864294.79,399804.29,845161.67
9/1/2016,7213553.46,4407220.76,459846572.7,39697603.67,14748873.21,6896793.73,4445705.1,2806332.7,2.69,0.01,0.41,197326.16,351936.12,160637.59
9/2/2016,1353809.26,1426285.45,389282856.6,228566292.7,72281013.04,6410128.6,5658269.05,-72476.19,3.16,0,-0.01,1043379.3,413200.27,746961.05
9/3/2016,8194693.59,1003638.29,412208049.6,129300437,51213609.5,2811607.25,2551058.87,7191055.3,2.52,0.02,2.56,334305.13,1218563.47,263895.5
9/4/2016,6651103.51,1713873.25,58102950.02,136575107.8,30386946.34,8320257.5,6023548.81,4937230.25,4.49,0.08,0.59,861843.62,455527.09,399845.32
9/5/2016,1735831.29,756890.85,483264660.7,154124231.3,65257327.57,3417177,887430.18,978940.44,2.36,0,0.29,766348.6,327705.92,1351373.55
9/6/2016,8862207.62,2890262.88,377001946.4,256091130.6,32757230.64,5231017.67,869708.7,5971944.74,7.82,0.02,1.14,1568396.16,781182.02,766763.28
9/7/2016,9287851.6,4714725.62,187137992.9,146938987,61986857.89,6120254.08,3397157.79,4573125.99,2.37,0.02,0.75,1626023.97,1305185.3,1596243.05
9/8/2016,1549701.64,677045.93,423227599.2,298425639.2,42328787.23,12514742.21,3151048.94,872655.71,7.05,0,0.07,391484.48,399957.07,835131.88
9/9/2016,3491898.83,1049494.61,176684539.3,173720406.5,84119700.4,13381352.46,2867249.12,2442404.22,2.07,0.01,0.18,796447.26,163877.55,2827558.17
9/10/2016,8255811.52,2534895.63,442739227.8,45974216.12,83862654.47,5932062.13,4182648.22,5720915.89,0.55,0.01,0.96,809371.01,566786.87,2727237.51
9/11/2016,7734337.21,4702437.58,100661175.7,317828740.1,52961535.83,13163075.58,2905501.87,3031899.63,6,0.03,0.23,387679.84,1134095.15,1743737.7
9/12/2016,2660689.17,1922702.47,366658689.9,128588163.4,41573719.84,13144002.19,1941934.39,737986.7,3.09,0,0.06,1617061.66,848501.29,1127829.58
9/13/2016,2884143.91,2782556.64,293314314.5,184451414.3,42630381.69,11940462.36,2821021.62,101587.27,4.33,0,0.01,1443733.82,1234350.39,1205325.96
9/14/2016,4334248.93,687077.87,93440511.59,280468675.6,82514307.31,3907036.48,7811782.05,3647171.06,3.4,0.04,0.93,461725.39,1441408.61,1294371.62
9/15/2016,5360706.87,1167544.4,158852222.7,146333339.7,39536153.45,10974197.01,3583350.63,4193162.46,3.7,0.03,0.38,796771.63,1199360.59,2209980.03
9/16/2016,6564292.94,4939835.55,55581816.32,41502549.34,28815343.63,14285312.84,3835345.83,1624457.39,1.44,0.03,0.11,301029.55,925514.46,1409753.09
9/17/2016,4320222.76,4843034.13,260945584.5,162089997.9,17621950.77,10873026.22,4824087.42,-522811.38,9.2,0,-0.05,1293592.53,765345.3,2584516.84
9/18/2016,5162812.45,522229.91,185569367.3,378890461.4,52002380.88,6311019.04,7875055.76,4640582.53,7.29,0.03,0.74,330606.66,108100.18,2837874.88
9/19/2016,7727238.44,4783153.03,319260867.9,263859071,53391888.9,8507531.13,2312009.57,2944085.41,4.94,0.01,0.35,1973274.92,1477266.87,1074243.84
9/20/2016,1330148.83,3376039.72,183757013.5,275162076.5,85681783.94,10394425.56,5609615.83,-2045890.89,3.21,-0.01,-0.2,1583295.94,606047.63,1726014
9/21/2016,3271932.5,4405632.33,184963600.2,260267218.4,29911482.68,8637415.31,5869885.2,-1133699.83,8.7,-0.01,-0.13,841453.24,270730.91,375663.96
9/22/2016,7420146.27,2546329.35,384436939.4,95617012.8,44289214.63,3559388.24,5054933.13,4873816.92,2.16,0.01,1.37,1199271.47,1016727.84,681360.24
9/23/2016,9056861.54,2820182.13,71664276.19,178966868.4,82756516.5,6056832.58,1164337.55,6236679.41,2.16,0.09,1.03,1831549.45,462218.02,1299050.72
9/24/2016,5605096.98,2699809.61,456302747.8,305357123.4,84126124.97,12431148.4,5576542.07,2905287.37,3.63,0.01,0.23,1152788.63,899378.49,697987.88
9/25/2016,5789021.37,3500889.16,433518743.5,58521701.07,44614996.84,13198434.6,980710.33,2288132.21,1.31,0.01,0.17,431547.12,900813.47,2642025.42
9/26/2016,1964548.1,1128430.65,350512107.5,125584054.9,51321162.1,3784900.43,4971069.87,836117.46,2.45,0,0.22,819536.38,696308.24,559030.14
9/27/2016,5026711.3,634881.15,316949706.6,125001261.2,37295730.18,14381027.78,6046858.83,4391830.15,3.35,0.01,0.31,1701975.24,1262371.99,1421416.38
9/28/2016,5793555.4,1885684.74,451536124.2,184167192.5,93929939.06,6274694.03,2082274.18,3907870.66,1.96,0.01,0.62,1324004.73,434202.24,1856527.8
9/29/2016,3182234.53,3671063.43,133398580.8,392540121.6,20677938.92,10610078.6,6812165.06,-488828.9,18.98,0,-0.05,1336376.33,700517.26,2106405.33
9/30/2016,3423189.08,1408340.53,85536122.99,45650967.74,94037448.07,11773726.9,727653.54,2014848.54,0.49,0.02,0.17,1746960.82,829653.59,1210901.17
10/1/2016,4395557.47,3530445.95,157779576.5,217106377.9,71547980.67,12555301.05,6828596.48,865111.52,3.03,0.01,0.07,1798548.81,1012255.85,2620387.3
10/2/2016,1180640.78,4864604.21,407560225.4,88158579.16,57841493.74,14294746.13,3952467.88,-3683963.43,1.52,-0.01,-0.26,1847605.89,1186759.18,1748125.54
10/3/2016,3898712.49,922553.22,65601620.03,388857087.3,12939315.47,6067954.12,2131909.55,2976159.27,30.05,0.05,0.49,280213.47,622470.56,1374572.56
10/4/2016,2903032.06,3526709.53,312263075.8,63055331.8,52803657.26,13160583.91,1503336.09,-623677.47,1.19,0,-0.05,1133839.4,986768.07,294997.84
10/5/2016,3947476.17,2496875.99,497946882.3,173368380.9,46697329.45,3711929.74,7649803.76,1450600.18,3.71,0,0.39,1506968.09,268385.88,1447599.46
10/6/2016,2077859.19,4406640.14,435063242.2,300396294.2,24509693.08,11165531.78,1044991.91,-2328780.96,12.26,-0.01,-0.21,1538161.01,1402339.75,2480133.94
10/7/2016,9014745.53,1297174.05,284650560.1,287730682.7,69076864.32,11645710.48,1993200.65,7717571.47,4.17,0.03,0.66,1252760.78,605435.27,1882168.95
10/8/2016,6342332.08,3616816.79,78638409.18,180636882,97403581.66,10810402.14,3108667.61,2725515.3,1.85,0.03,0.25,416895.94,1107806.06,2513271.12
10/9/2016,7111920.87,4271518.8,424118081.5,151679183.8,60596993,5280091.57,5151761.37,2840402.07,2.5,0.01,0.54,1615099.05,79494.57,1532633.84
10/10/2016,8102541.15,4750763.99,319540328.7,171092703.9,74327794.88,13349560.91,4586008.14,3351777.16,2.3,0.01,0.25,1468211.53,347521.36,443538.94
10/11/2016,5485979.79,3574616.13,101719848.7,120424980,16160540.73,4195160.02,1442326.19,1911363.66,7.45,0.02,0.46,263657.97,756269.69,139555.55
10/12/2016,1782282.59,2737286.44,92235778.17,98026516.71,47590029.62,2697252.29,2672959.88,-955003.85,2.06,-0.01,-0.35,981238.67,1323466.08,979336.69
10/13/2016,5833958.88,3280312.58,459332068.8,203555085.1,20472263.66,11327044.88,2290638.28,2553646.3,9.94,0.01,0.23,430557.06,814519.97,2124172.37
10/14/2016,6281570.06,4410072.43,351140118.3,122042827.3,65151625.2,8181184.3,2101571.41,1871497.63,1.87,0.01,0.23,741206.39,1398312.2,2391753.72
10/15/2016,7708955.27,3067743.86,423179059.7,129235432.7,94463394.24,13038274.26,3583582.52,4641211.41,1.37,0.01,0.36,134354.08,751505.5,957683.22
10/16/2016,4884935.92,636741.77,445540505.1,269567304.1,69559995.92,6984162.83,5780235.89,4248194.15,3.88,0.01,0.61,860626.75,761151.19,1537396.37
10/17/2016,2148222.73,4689269.13,307297558.4,388044186.1,16912274.35,4187621.65,2130896.99,-2541046.4,22.94,-0.01,-0.61,1144766.15,223632.84,1321244.82
10/18/2016,3553983.15,3602870.38,282850858.3,249382136.2,41919958.45,12873748.5,3250091.6,-48887.23,5.95,0,0,1277206.93,1213851.55,1290516.07
10/19/2016,4267740.67,3544310.24,243692334.6,49252197.48,59559704.15,9135825.21,3431880.7,723430.43,0.83,0,0.08,1360631.66,408099.85,770911.27
10/20/2016,6813255.17,1470538.19,192625964.5,48721773.26,46288698.05,4459545.3,7823423.97,5342716.99,1.05,0.03,1.2,1688953.49,1354438.11,495476.2
10/21/2016,6137004.74,3464984.62,245568182.4,381540823.9,85027960.94,11364991.98,7659997.68,2672020.13,4.49,0.01,0.24,509379.52,1370695.12,670396.82
10/22/2016,4204870.53,2272389.83,398245845.1,132970500.3,83320390.42,8644477.3,6501031.87,1932480.71,1.6,0,0.22,328915.46,1417799.66,260463.92
10/23/2016,9878637.24,3430548.4,320865544,54985454.71,65064791.81,9856068.77,2312441.91,6448088.84,0.85,0.02,0.65,1717920.63,804334.21,674579.15
10/24/2016,6451973.37,979668.64,451635480.5,247636943.1,43611215.06,7991678.4,1010279.86,5472304.74,5.68,0.01,0.68,397564.35,1031785.99,126682.6
10/25/2016,3135041.13,3460303.87,249521006.5,256986535.8,32980273.64,12773216.79,2876781.03,-325262.75,7.79,0,-0.03,1952044.15,1178848.03,1919049.36
10/26/2016,1916042.25,4997361.77,323190310.4,266431831.7,19528688.64,12784315.3,2500959.12,-3081319.51,13.64,-0.01,-0.24,1700822.64,239971.2,1017488.68
10/27/2016,2375732.25,716954.17,334088398.9,121612770.6,41940791.51,11222054.68,4294443.5,1658778.08,2.9,0,0.15,1051665.55,921387.93,2922119.66
10/28/2016,3213619.56,4897283.83,316263723,25742060,47185526.55,3370217.91,6332959.33,-1683664.27,0.55,-0.01,-0.5,1964700.71,99731.96,661779.45
10/29/2016,2446132.36,2331085.82,366185197.9,386705840.4,70824063.26,12905100.2,6937422.04,115046.54,5.46,0,0.01,285015.79,771470.82,1102902.85
10/30/2016,2679103.22,4418390.53,156845060.8,115339357.4,69234384.19,10723168.75,6836480.64,-1739287.31,1.67,-0.01,-0.16,675824.95,274521.89,1137739.36
10/31/2016,3565856.52,4020734.68,280563699.9,276889989.5,16309732.57,11061314.16,3197566.71,-454878.16,16.98,0,-0.04,1312626.39,315238.24,124509.34
11/1/2016,2560362.36,3051573.17,96901161.26,288519350.6,45573338.39,6718776.93,5654257.58,-491210.82,6.33,-0.01,-0.07,765013.05,579318.97,2533703.06
11/2/2016,9070888.82,3823021.44,223030097.4,251802818.5,26360098.05,13430634.23,2846256.48,5247867.38,9.55,0.02,0.39,1863907.85,677033.89,192783.93
11/3/2016,1722103.71,4453320.03,269450180.9,138904809.8,24113143.48,11429830.8,956791.57,-2731216.31,5.76,-0.01,-0.24,224689.57,953600.02,2826521.52
11/4/2016,5720602.51,2318631.45,343500916.8,123016576.4,84457193.48,3463676.06,5761739.49,3401971.06,1.46,0.01,0.98,1143882.48,157921.21,2687015.62
11/5/2016,4693571.44,1971649.23,477738973.7,247113947.4,13772369.5,7301114.45,573706.64,2721922.22,17.94,0.01,0.37,1222645.91,780353.05,1653013.56
11/6/2016,9841407.55,3504170.24,320292980,349116340.8,47726458.83,13522944.71,3568869.41,6337237.32,7.31,0.02,0.47,1340183.44,314806.44,1676427.17
11/7/2016,2008350.12,4135306.74,384617262.3,379758817,25138329.02,2613557.12,2970344.52,-2126956.62,15.11,-0.01,-0.81,585765.82,882264,1995955.98
11/8/2016,4580700.39,3930283.11,277819726.8,60244205.67,89139719.41,14498416.06,5700331.54,650417.28,0.68,0,0.04,792676.21,974236.69,1222445.03
11/9/2016,9725233.9,4090161.42,335346814.1,78834872.79,60133646.19,10829113.39,6246841.05,5635072.48,1.31,0.02,0.52,1702993.01,857228.42,1976944.62
11/10/2016,8789564.13,2460124.92,81919497.26,378999778.3,30824257.27,10207887.71,2780709.77,6329439.22,12.3,0.08,0.62,470391.26,1120528.49,229828.33
11/11/2016,8353648.64,4180253.97,164476211.4,299883386.8,55218455.84,5517270.33,6587202.61,4173394.67,5.43,0.03,0.76,1671048.91,536633.4,256738.12
11/12/2016,3321125.44,1040940.75,212833891.9,355537653.4,75833772.37,5234293.25,2704375.7,2280184.69,4.69,0.01,0.44,1169045.3,1159404.56,1425968.22
11/13/2016,2537988.29,2950200.94,262622009.8,97000400.97,96230620.8,14246756.85,3847447.7,-412212.65,1.01,0,-0.03,1548156.27,677512.27,1693904.67
11/14/2016,7017788.98,525913.97,70541935.48,243282631,29840140.38,5877541.91,5952638.95,6491875.01,8.15,0.09,1.1,1455854,752067.52,2674671.16
11/15/2016,9364383.9,1960636.23,113010843.9,286433045.9,89756359.49,12081568.86,5696901.72,7403747.67,3.19,0.07,0.61,494271.84,989748.08,403515.84
11/16/2016,6010866.04,2149076.91,174566438.5,278442516.5,94087370.28,7110583.38,7905263.54,3861789.13,2.96,0.02,0.54,1180744.2,76619.66,2485678.99
11/17/2016,6144514.21,2282777.11,487189710.9,175097642.5,92477849.01,3810302.92,2188707.68,3861737.09,1.89,0.01,1.01,1748673.99,998291.62,709137.28
11/18/2016,3519811.84,3629602.43,199106153.2,25850058.84,67187292.12,2139298.87,5467384.35,-109790.59,0.38,0,-0.05,921020.85,946948.47,1242842.58
11/19/2016,7925436.4,2248511.46,266918476.2,241511901.6,66683858.9,9075345.38,5072614.31,5676924.94,3.62,0.02,0.63,1936522.46,499278.32,1018147.06
11/20/2016,2683393.74,2519121.3,138243970.7,116178584.9,46288956.99,14685124.64,7363238.41,164272.44,2.51,0,0.01,959208.69,174401.71,1260450.29
11/21/2016,3913113.13,1568948.59,324851032,191096613.5,77715809.41,6798770.52,1672716.06,2344164.54,2.46,0.01,0.34,371292.71,181856.4,536436.94
11/22/2016,4828927.95,2179633.06,176307447,383880785.7,57816461.65,6643500.34,6138486.23,2649294.89,6.64,0.02,0.4,839925.89,1388674.43,1560353.22
11/23/2016,5568493.41,1522713.32,143146660.3,171633420.7,70969426.41,6473191.03,4762014.62,4045780.09,2.42,0.03,0.63,1908234.57,1049455.02,2424763.51
11/24/2016,3181687.59,829381.66,282457682.8,339124610.5,48561211.35,8767069.88,2559994.02,2352305.93,6.98,0.01,0.27,707469.61,234298.79,1380448.63
11/25/2016,2033531.42,3215518.67,52477609.62,91645430.18,75834681.76,7728643.48,4058261.86,-1181987.25,1.21,-0.02,-0.15,1749386.5,567248.6,1522779.37
11/26/2016,6495580.38,3506957.59,53448814.69,275534989.3,84202436.58,13438890.15,3003324.48,2988622.79,3.27,0.06,0.22,1774376.3,909100.34,2561426
11/27/2016,3597674.98,3287706.56,148580964.1,391262642.7,23179263.09,8571770.29,4844850.52,309968.42,16.88,0,0.04,765354.4,1261578.97,2147568.53
11/28/2016,6231143.99,2585723.2,66524613.13,58719378.33,84963674.4,8600851.9,7167504.58,3645420.8,0.69,0.05,0.42,258189.55,113308.35,1522317.78
11/29/2016,2389264.44,2209036.01,98611589.36,23161578.05,58626687.86,3798830.73,4769787.38,180228.43,0.4,0,0.05,1476660.03,393118.04,847317.38
11/30/2016,5330260.92,4385001.42,202487292.2,184761461.2,86019931.82,14775614.03,5237918.14,945259.49,2.15,0,0.06,691873.37,1340136.04,2666287.57
12/1/2016,5793304.89,2835868.03,411163555.8,55197683.56,48817153.57,5249647.58,4390608.85,2957436.86,1.13,0.01,0.56,1587554.87,63290.05,1773359.16
12/2/2016,1466411.83,2656318.45,307421889.5,304386052.9,44113643.68,2953732.88,883741.3,-1189906.62,6.9,0,-0.4,941044.21,342028.7,741328.07
12/3/2016,4029438.5,615389.3,280700476.7,367528492.3,92355465.93,10620901.24,2246439.18,3414049.21,3.98,0.01,0.32,1022006.81,1440585.06,880447.28
12/4/2016,2209732.09,2035615.22,182069970.4,184927969.6,32605234.08,9739762.81,4190012.97,174116.87,5.67,0,0.02,1578027.87,939432.68,2429085.96
12/5/2016,1570374.73,2210880.28,469289173.7,118310424,85979109.28,7396893.5,2826764.63,-640505.55,1.38,0,-0.09,826490.33,429423.48,228022.13
12/6/2016,9909642.09,2294702.51,228656768.6,185073261.2,53561851.53,7488499.04,1863226.98,7614939.58,3.46,0.03,1.02,941941.96,147137.09,2977067.34
12/7/2016,3901184.6,3110775.66,89191745.06,294910170.8,56268589.83,12205830.97,4280996.31,790408.94,5.24,0.01,0.06,814761.89,90877.44,478019.87
12/8/2016,8288870.01,2901211.46,327679932.3,23440581.4,37762145.33,4544264.32,2921073.45,5387658.55,0.62,0.02,1.19,797946.98,404880.37,2408598.72
12/9/2016,3291765.89,3235572.92,101227277.1,243992516,61573798.06,12663293.15,2435807.32,56192.98,3.96,0,0,1099298.5,1328154.44,1244848.42
12/10/2016,7133524.5,3941974.68,205350414.3,253050840.3,39269007.66,10433712.48,3979890.63,3191549.82,6.44,0.02,0.31,1636718.94,653074.8,1527426.93
12/11/2016,7842050.74,4158435.82,278335372.4,262321533.8,13534247.28,7446607.06,1499631.94,3683614.91,19.38,0.01,0.49,787359.79,1094483.39,2653886.67
12/12/2016,6360748.67,3731553.84,443400136.1,111968390.4,34479874.48,7954372.02,7458093,2629194.82,3.25,0.01,0.33,1096083.97,1381513.3,1297442.45
12/13/2016,5244185.7,4799856.63,272095961.2,291340034.9,10574113.91,5336413.69,7007765.73,444329.07,27.55,0,0.08,1374381.92,641658.67,1658731.89
12/14/2016,4706568.23,582046.62,366016444.7,54728764.81,98051930.84,11777486.33,5807154.39,4124521.61,0.56,0.01,0.35,611934.95,327352.19,242969.02
12/15/2016,4139814.4,1381000.94,496767577.6,95722727.86,96917248.88,8667371.65,1296603.71,2758813.46,0.99,0.01,0.32,627293.33,799821,106807.67
12/16/2016,9365762.3,534032.94,109170104,353438617.7,45563976.77,6171109.06,6319079.41,8831729.36,7.76,0.08,1.43,1873484.94,1366721.35,809919.63
12/17/2016,8475574.67,3413636.21,173629186.5,300714797.3,75553376.89,9748651.5,6559679.96,5061938.46,3.98,0.03,0.52,1474715.69,1216342.9,2073690.97
12/18/2016,9685242.2,4541137.47,227559234,25223310.52,41122548.86,14944547.88,6258234.63,5144104.73,0.61,0.02,0.34,1196654.68,145453.27,451668.19
12/19/2016,2118675.01,1595670.33,239822680.3,114382978.9,70398384.14,7658409.64,1354744.15,523004.68,1.62,0,0.07,1330668.1,1054230.56,429909.68
12/20/2016,7577807.28,4671655.45,234959483.9,101474463.5,82488703.87,13968988.21,5329309.68,2906151.83,1.23,0.01,0.21,155668.94,879251.41,1291785.76
12/21/2016,9445064.11,771203.26,458424951.2,122906404.7,95208062.02,6485218.92,6757435.97,8673860.86,1.29,0.02,1.34,1274395.63,1365821.61,1978727.41
12/22/2016,2631097.6,4704962.12,371314690,114072712.7,46019104.83,2711525.19,4830150.51,-2073864.53,2.48,-0.01,-0.76,1068066.86,227598.05,2165008.78
12/23/2016,1598466.41,2082302.09,323557346.3,43759992.38,80496818.47,4655147.38,5348055.31,-483835.69,0.54,0,-0.1,1136924.39,824352.36,617506.95
12/24/2016,7670085.84,956393.73,189217723,194397396.3,33933560.56,7443036.86,3937726.1,6713692.12,5.73,0.04,0.9,782905.27,1325220.91,330805.63
12/25/2016,6170258.02,2686422.92,420705672.9,298438720.4,99129907.34,4855254.07,4465304.9,3483835.1,3.01,0.01,0.72,254800.41,644534.49,2827151.4
12/26/2016,8576458.99,1655494.55,479777230.2,250558055.4,12319263.89,2002951.5,757826.44,6920964.44,20.34,0.01,3.46,467344.54,748892.63,855932.51
12/27/2016,2257951.39,1781928.06,419539227.2,275691234.1,64317592.59,13895019.99,5292222.66,476023.33,4.29,0,0.03,1906414.96,152167.98,2574704.84
12/28/2016,8157405.81,1882804.84,50704297.34,50836687.84,69355538.35,12970432.35,1110854.1,6274600.96,0.73,0.12,0.48,876529.17,453308.28,2604125.21
12/29/2016,2814645.88,4113616.54,336380616.6,381566469.9,71924100.14,11649799.01,3762609.46,-1298970.66,5.31,0,-0.11,986698,520534.64,2340315.52
12/30/2016,2472903.49,2926225.75,73010921.65,338626896.9,20834882.09,4181589.74,2694913.23,-453322.26,16.25,-0.01,-0.11,200148.6,1420427.55,589617.46
12/31/2016,2478392.18,1900884.65,165923249.2,325934321,94467680.51,3564726.49,4590709.63,577507.54,3.45,0,0.16,171375.84,459867.67,2483224.23
1/1/2017,8331172.48,3246502.02,76786115.16,332733845.9,26306495.11,2878861.74,1500622.52,5084670.46,12.65,0.07,1.77,1462644.75,718259.67,2330826.62
1/2/2017,6986774.99,3722678.03,321707953.8,374429993.1,66047806.29,11412379.45,5687325.51,3264096.95,5.67,0.01,0.29,1122379.86,1023391.41,1830496.67
1/3/2017,5707588.82,1726808,358965461.1,226816507.1,30040847.12,14074503.49,6462586.53,3980780.82,7.55,0.01,0.28,1066541.37,285165.89,1077885.9
1/4/2017,4229474.36,2360970.96,101519437.1,96107166.79,37649477.53,7596965.67,1725158.37,1868503.4,2.55,0.02,0.25,561936.61,755341.46,861274.95
1/5/2017,8894804.87,1048487.42,222727497.4,254377771,59181268.76,3548828.74,1282348.16,7846317.45,4.3,0.04,2.21,1515026.39,1120881.61,453478.72
1/6/2017,4532005.97,1315172.07,255306429,302294967.6,47547407.67,8661106.67,1591366.12,3216833.89,6.36,0.01,0.37,419649.5,1306940.06,1578295.49
1/7/2017,8349394.96,3565030.34,216073859.8,300408609.5,24420304.09,6534814.8,7078456.71,4784364.61,12.3,0.02,0.73,460876.01,958075.95,1797256.54
1/8/2017,4952214.18,1316472.56,104461250.2,218150629.2,25384276.22,6872724.02,4461419.46,3635741.61,8.59,0.03,0.53,975353.13,1020127.6,1142083.07
1/9/2017,4392499.86,2863235.23,238526505.6,46014313.35,47633030.93,10077298.11,4004457.47,1529264.64,0.97,0.01,0.15,643931.74,233111.04,1478541.3
1/10/2017,5164118.07,3690708.18,388030121.5,161022916.6,78155468.04,11343335.47,1300338.64,1473409.89,2.06,0,0.13,570179.66,1421375.92,1154191.93
1/11/2017,3712400.87,980946.15,81953449.04,369891311.2,90816818.22,3437846.79,5371670.05,2731454.71,4.07,0.03,0.79,1325951.52,242232.41,1958917.57
1/12/2017,7728484.42,3052904.99,86081006.34,242090585.7,17571489.6,2462673,7009996.94,4675579.43,13.78,0.05,1.9,1336846.32,1173275.76,2713651.7
1/13/2017,5524483.51,1654532.53,209647081.3,224566138.4,45379351.68,14926293.93,6711394.02,3869950.98,4.95,0.02,0.26,1666582.43,433983.67,575368.76
1/14/2017,3089914.26,4833170.94,473776570.2,122164335.5,19022100.74,5025468.54,5195410.32,-1743256.68,6.42,0,-0.35,893646.28,1403710.06,1206085.55
1/15/2017,9096171.16,2675955.41,350857691,160010589.6,11493323.26,2699796.82,1064590.37,6420215.75,13.92,0.02,2.38,238861.67,1093941.33,508518.95
1/16/2017,4455020.99,4126966.47,355401480.5,360231513.9,69554681.44,4468379.28,1342977.7,328054.52,5.18,0,0.07,619966.13,1143029.88,1912336.93
1/17/2017,5891975.75,2976019.44,212863995.9,273255958.1,64220449.78,2506452,869817.4,2915956.31,4.25,0.01,1.16,1962010.38,367635.8,2213724.48
1/18/2017,9158249,695356.4,317147356,319207070.2,24671720.24,7093541.63,2431094.12,8462892.6,12.94,0.03,1.19,1232891.29,692407.97,2802546.92
1/19/2017,6618141.96,3349181.19,54559032.81,192651260.8,31043154.98,12431223.2,1517461,3268960.77,6.21,0.06,0.26,1448500.46,945829.13,908728.59
1/20/2017,2052082.37,4781315.04,336243220.9,259493943.4,12133697.83,6436177.85,2450360.3,-2729232.67,21.39,-0.01,-0.42,113979.88,1166461.75,2855612.5
1/21/2017,9458489.11,3207253.19,460979126.4,114385771.3,85145248.51,7774384.29,3387935.42,6251235.92,1.34,0.01,0.8,1084590.89,200741.1,283461.75
1/22/2017,6649372.48,4186349.87,325658060.8,288075115.5,97722153.64,10782628.06,7572370.88,2463022.61,2.95,0.01,0.23,171304.45,1445429.71,1848740.2
1/23/2017,4014150.53,4478929.09,443164367.1,182488506.8,22191358.31,8615622.91,5077820.45,-464778.55,8.22,0,-0.05,1181537.4,1340819.97,265684.89
1/24/2017,2253448.65,1526358.97,375787875,188167295.6,30832769.24,13198793.92,6762303.39,727089.68,6.1,0,0.06,1849464.61,442005.46,2691945.14
1/25/2017,8146226.7,1454201.78,104251287.4,266742483.3,88156857.16,13258463.78,5827636.26,6692024.92,3.03,0.06,0.5,1939996.35,1243002.35,1636446.27
1/26/2017,6580654.8,3249414.45,456103988.3,375786636.2,93381741.82,2128839.04,1343773.48,3331240.35,4.02,0.01,1.56,1127050.08,801569.69,2041110.22
1/27/2017,5801149.83,2349628.11,79899729.96,44322411.71,47766464.45,12114601.98,6019403.05,3451521.71,0.93,0.04,0.28,970589.13,719619.4,2511564.39
1/28/2017,9045033.25,4279375.86,290285362.7,333402430.2,14556022.5,7989536.8,2563241.61,4765657.38,22.9,0.02,0.6,1895532.48,505929.45,535900.81
1/29/2017,8097374.9,4550104.06,113961705.7,131105582,13545265.03,14854927.04,5293308.85,3547270.85,9.68,0.03,0.24,1379858.68,892404.45,211915.53
1/30/2017,2365073.92,2090396.21,55267974.83,188689392.7,61655487.95,8282016.99,3057214.8,274677.71,3.06,0,0.03,223308.63,1108339.22,2648755.32
1/31/2017,3805498.61,1565917.52,239915417.1,28327064.93,45360559.8,14829647.29,7982541.97,2239581.09,0.62,0.01,0.15,984878.6,645852.71,1013306.36
2/1/2017,3236402.26,4012364.82,182768318.4,134397509.6,12578718.48,11809401.7,2476636.1,-775962.56,10.68,0,-0.07,556465.54,962367.83,474038.83
2/2/2017,7695516.63,1736627.16,268700222.2,210999872.2,62492715.31,5231863.5,2593478.53,5958889.47,3.38,0.02,1.14,992628.21,1064003.74,1458537.59
2/3/2017,1301791.91,4201764.43,309739949,41346909.39,11017228.29,8999134.73,7480041.92,-2899972.52,3.75,-0.01,-0.32,965384.59,1081126.63,1835087.62
2/4/2017,6129007.16,2406822.14,69682582.54,206616377.2,80863476.23,14897763.31,684833.03,3722185.02,2.56,0.05,0.25,1206075.13,125350.84,189814.75
2/5/2017,7862128.17,3503974.55,105351482.8,372302039,37578954.04,13147897.9,5725167.41,4358153.62,9.91,0.04,0.33,777863.93,1296634.32,897197.41
2/6/2017,8890890.73,929908.91,301389078.4,60049422.88,13623220.27,3265769.62,5939947.93,7960981.82,4.41,0.03,2.44,412113.85,714467.31,195119.64
2/7/2017,4078735.74,3307366.96,204425308.9,310487476.7,62951699.89,11182835.96,6772839.33,771368.78,4.93,0,0.07,1057066.93,430503.32,1318972.63
2/8/2017,8391315.74,2532954.55,378128069.4,175675000.3,45791597.3,6492534.62,7808294.83,5858361.19,3.84,0.02,0.9,1677385.48,400558.54,2695790.08
2/9/2017,1995685.63,3139738.08,343531241.9,268966011.5,97642037.2,2090769.4,7817014.39,-1144052.45,2.75,0,-0.55,1361623.23,750370.46,2949691.99
2/10/2017,8618070.63,1256063.93,430521963.4,118889907.2,58977879.63,7245252.6,989575.68,7362006.69,2.02,0.02,1.02,742898.95,1335905.73,1947437.91
2/11/2017,2147397.96,3815931.85,361621772,80607059.77,34771526.29,5051807.48,6663794.92,-1668533.89,2.32,0,-0.33,1877493.74,598603.99,568749.31
2/12/2017,4575585.62,4382586.85,243468984.8,80975793.42,73849497.82,12645300.52,5347324.5,192998.77,1.1,0,0.02,1833194.39,1137102.33,2726963.23
2/13/2017,8175658.29,1475329.1,352834980.1,46786939.34,34434280.23,6385297.91,5355066.01,6700329.19,1.36,0.02,1.05,497761.96,190387.16,1597118.69
2/14/2017,2349256.85,930715.5,173921528.4,90545747.86,91381896.23,12757808.02,1462624.45,1418541.35,0.99,0.01,0.11,174893.41,740282.22,545873.01
2/15/2017,3063262.56,606373.64,187841074.5,272403366.3,43724977.35,2007773.2,5376403.75,2456888.92,6.23,0.01,1.22,1508486.55,1487944.9,2773007.34
2/16/2017,7500273.12,3388871.75,405043322,355042432.5,59488170.65,6001648.95,7868619.35,4111401.36,5.97,0.01,0.69,1672459.5,1167134.81,2296660.25
2/17/2017,7480328.83,3231923.16,250888782.4,329367760.5,14551579.34,5135147.79,7338639.27,4248405.67,22.63,0.02,0.83,1938942.68,355266.31,2221945.29
2/18/2017,6770328.7,2960138.36,409271153.2,280351037.8,48350911.42,5036375.69,3793479.96,3810190.34,5.8,0.01,0.76,1790689.15,777090.14,2156624.04
2/19/2017,7245536,1543761.93,420090068.2,61964108.1,84912718.57,2886426.06,799609.8,5701774.07,0.73,0.01,1.98,1241016.06,388755.91,680985.48
2/20/2017,5884519.99,2259076.98,435903052,129891229.6,82508392.48,4432615.52,3217201.18,3625443.01,1.57,0.01,0.82,1107099.44,643863.34,711919.41
2/21/2017,3266191.53,3175143.51,462485856.1,137726612.6,30188670.3,9222144.41,6697927.34,91048.02,4.56,0,0.01,152898,1181121.83,2096049.7
2/22/2017,4111263.94,2735450.86,243943349.2,114983639.6,30347116.39,5787693.95,5761243.26,1375813.08,3.79,0.01,0.24,568647.25,1168275.98,737195.98
2/23/2017,2634379.45,4945034.84,193490068.2,215702150.7,83557478.1,7426132.17,3945077.42,-2310655.39,2.58,-0.01,-0.31,973268.03,380745.55,1372147.92
2/24/2017,9176055.05,1113978.89,311989436,223510449.7,93735857.82,6899269.44,913261.51,8062076.17,2.38,0.03,1.17,1294157.41,1387223.81,2367805.29
2/25/2017,6250526.15,3628150.49,217027590.6,155616670.6,18582482.91,13386764.02,3701710.46,2622375.66,8.37,0.01,0.2,1158778.48,909223.87,2373462.3
2/26/2017,4607662.75,2319434.46,320483375.1,154439880.3,50505277.55,13768886.99,4017687.05,2288228.29,3.06,0.01,0.17,1511008.38,600890.22,1414459.14
2/27/2017,5158052.23,2426898.27,367513638.2,334851127.2,40370885.11,8408440.63,7464166.5,2731153.97,8.29,0.01,0.32,631557.17,777806.59,2397350.82
2/28/2017,9525550.06,3729189.95,359782258.3,319931282.4,88361960.99,6292027.35,5308145.78,5796360.11,3.62,0.02,0.92,1173409.95,927353.32,2532003.21
3/1/2017,2380162.63,3615962.68,218548799.2,136962416,17517242.32,3388409.15,2837396.87,-1235800.05,7.82,-0.01,-0.36,267470.26,861841.27,1998849.68
3/2/2017,6276068.49,4960651.97,125087090.8,367239608.7,29001334.83,14394237.43,4439886.98,1315416.52,12.66,0.01,0.09,885964.49,755287.3,762434.97
3/3/2017,5552998.11,1077774.3,243738202.3,382069706.5,77722150.38,2782950.28,995414.81,4475223.81,4.92,0.02,1.61,1525305.58,782152.57,894634.16
3/4/2017,6503088.12,968493.42,114167364.8,144162166,14616446.41,5869453.61,7794261.77,5534594.7,9.86,0.05,0.94,1417461.62,305797.27,1013039.35
3/5/2017,1162991.65,3759524.68,450543665.8,154681480.5,54328184.26,5874860.62,3200449.26,-2596533.02,2.85,-0.01,-0.44,1982221.2,1228462.71,438731.91
3/6/2017,8849115.18,3102741.13,205644857.3,212140978.3,49789633.12,6165216.72,4084005.16,5746374.05,4.26,0.03,0.93,627993.14,835552.46,892162.9
3/7/2017,9389064.54,1733723,119506886.3,377625908.8,40096106.11,4135728.96,3164629.81,7655341.54,9.42,0.06,1.85,1046559.67,240065.8,707605.75
3/8/2017,6086198.65,857387.16,61451491.96,353001384.6,45511508.38,12181098.6,5618837.98,5228811.49,7.76,0.09,0.43,726107.79,1160927.8,1420453.37
3/9/2017,7269857.41,885462.12,340620073.8,58975825.78,57694652.82,3592472.21,5466741.19,6384395.29,1.02,0.02,1.78,937145.92,1402043.77,2734468.89
3/10/2017,9302494.43,4523858.94,336606042.9,169237682.4,24523062.25,10253786.57,5864917.33,4778635.49,6.9,0.01,0.47,1728205.25,1423595,402992.92
